<?xml version="1.0" encoding="UTF-8"?>
<!DOCTYPE html PUBLIC "-//W3C//DTD XHTML 1.0 Transitional//EN"
    "http://www.w3.org/TR/xhtml1/DTD/xhtml1-transitional.dtd">
<html xmlns="http://www.w3.org/1999/xhtml" xml:lang="en" lang="en">
 <head>
  <title>
</title>
<meta http-equiv="Content-Type" content="text/html;charset=utf-8" />
  <meta name='ocr-system' content='tesseract 3.04.00' />
  <meta name='ocr-capabilities' content='ocr_page ocr_carea ocr_par ocr_line ocrx_word'/>
</head>
<body>
  <div class='ocr_page' id='page_1' title='image "./zurichletterscom02hunt_0392.png"; bbox 0 0 1845 3233; ppageno 0'>
   <div class='ocr_carea' id='block_1_1' title="bbox 138 160 1714 217">
    <p class='ocr_par' dir='ltr' id='par_1_1' title="bbox 138 160 1714 217">
     <span class='ocr_line' id='line_1_1' title="bbox 138 160 1714 217; baseline -0.002 -9"><span class='ocrx_word' id='word_1_1' title='bbox 138 167 194 209; x_wconf 74' lang='lat'>92</span> <span class='ocrx_word' id='word_1_2' title='bbox 405 179 565 206; x_wconf 76' lang='lat' dir='ltr'>TIIOMAS</span> <span class='ocrx_word' id='word_1_3' title='bbox 597 178 775 204; x_wconf 73' lang='lat' dir='ltr'>SAMPSON</span> <span class='ocrx_word' id='word_1_4' title='bbox 809 178 863 202; x_wconf 76' lang='lat' dir='ltr'>AD</span> <span class='ocrx_word' id='word_1_5' title='bbox 897 177 1109 203; x_wconf 86' lang='lat' dir='ltr'><strong>HENRICUM</strong></span> <span class='ocrx_word' id='word_1_6' title='bbox 1141 176 1442 202; x_wconf 76' lang='lat' dir='ltr'><strong>BULLINGERUM.</strong></span> <span class='ocrx_word' id='word_1_7' title='bbox 1570 160 1714 217; x_wconf 80' lang='lat' dir='ltr'>[EPIST.</span> 
     </span>
    </p>
   </div>
   <div class='ocr_carea' id='block_1_2' title="bbox 133 289 1716 2919">
    <p class='ocr_par' dir='ltr' id='par_1_2' title="bbox 140 289 1712 410">
     <span class='ocr_line' id='line_1_2' title="bbox 217 289 1712 341; baseline -0.002 -8"><span class='ocrx_word' id='word_1_8' title='bbox 217 295 262 334; x_wconf 91' lang='lat' dir='ltr'>V.</span> <span class='ocrx_word' id='word_1_9' title='bbox 317 295 377 332; x_wconf 92' lang='lat' dir='ltr'>An</span> <span class='ocrx_word' id='word_1_10' title='bbox 409 293 639 331; x_wconf 84' lang='lat' dir='ltr'>ceremonias</span> <span class='ocrx_word' id='word_1_11' title='bbox 667 291 886 329; x_wconf 63' lang='lat' dir='ltr'>,Iudaeorum</span> <span class='ocrx_word' id='word_1_12' title='bbox 918 289 962 327; x_wconf 87' lang='lat' dir='ltr'>de</span> <span class='ocrx_word' id='word_1_13' title='bbox 998 289 1138 327; x_wconf 87' lang='lat' dir='ltr'>amictu</span> <span class='ocrx_word' id='word_1_14' title='bbox 1171 289 1392 328; x_wconf 86' lang='lat' dir='ltr'>sacerdotali</span> <span class='ocrx_word' id='word_1_15' title='bbox 1425 303 1492 341; x_wconf 89' lang='lat' dir='ltr'>per</span> <span class='ocrx_word' id='word_1_16' title='bbox 1521 290 1712 330; x_wconf 86' lang='lat' dir='ltr'>Christum</span> 
     </span>
     <span class='ocr_line' id='line_1_3' title="bbox 140 355 711 410; baseline -0.009 -13"><span class='ocrx_word' id='word_1_17' title='bbox 140 360 349 410; x_wconf 81' lang='lat' dir='ltr'>antiquatas</span> <span class='ocrx_word' id='word_1_18' title='bbox 374 370 549 396; x_wconf 85' lang='lat' dir='ltr'>renovare</span> <span class='ocrx_word' id='word_1_19' title='bbox 577 355 711 393; x_wconf 81' lang='lat' dir='ltr'>liceat?</span> 
     </span>
    </p>

    <p class='ocr_par' dir='ltr' id='par_1_3' title="bbox 138 416 1714 537">
     <span class='ocr_line' id='line_1_4' title="bbox 218 416 1713 468; baseline -0.002 -7"><span class='ocrx_word' id='word_1_20' title='bbox 218 424 285 461; x_wconf 90' lang='lat' dir='ltr'>VI.</span> <span class='ocrx_word' id='word_1_21' title='bbox 339 422 401 459; x_wconf 91' lang='lat' dir='ltr'>An</span> <span class='ocrx_word' id='word_1_22' title='bbox 429 422 521 459; x_wconf 88' lang='lat' dir='ltr'>ritus</span> <span class='ocrx_word' id='word_1_23' title='bbox 540 421 586 458; x_wconf 88' lang='lat' dir='ltr'>ab</span> <span class='ocrx_word' id='word_1_24' title='bbox 609 419 815 457; x_wconf 88' lang='lat' dir='ltr'>idololatris</span> <span class='ocrx_word' id='word_1_25' title='bbox 840 423 905 455; x_wconf 85' lang='lat' dir='ltr'>aut</span> <span class='ocrx_word' id='word_1_26' title='bbox 931 416 1119 454; x_wconf 70' lang='lat' dir='ltr'>haereticis</span> <span class='ocrx_word' id='word_1_27' title='bbox 1146 422 1285 468; x_wconf 88' lang='lat' dir='ltr'>petere,</span> <span class='ocrx_word' id='word_1_28' title='bbox 1312 423 1350 454; x_wconf 88' lang='lat' dir='ltr'>et</span> <span class='ocrx_word' id='word_1_29' title='bbox 1370 418 1517 456; x_wconf 87' lang='lat' dir='ltr'>illorum</span> <span class='ocrx_word' id='word_1_30' title='bbox 1537 426 1650 457; x_wconf 84' lang='lat' dir='ltr'>sectae</span> <span class='ocrx_word' id='word_1_31' title='bbox 1670 434 1713 458; x_wconf 87' lang='lat' dir='ltr'>ac</span> 
     </span>
     <span class='ocr_line' id='line_1_5' title="bbox 138 481 1714 537; baseline -0.003 -12"><span class='ocrx_word' id='word_1_32' title='bbox 138 487 309 537; x_wconf 80' lang='lat' dir='ltr'>religioni</span> <span class='ocrx_word' id='word_1_33' title='bbox 328 486 472 537; x_wconf 83' lang='lat' dir='ltr'>proprie</span> <span class='ocrx_word' id='word_1_34' title='bbox 499 485 656 529; x_wconf 88' lang='lat' dir='ltr'>dicatos,</span> <span class='ocrx_word' id='word_1_35' title='bbox 684 484 729 520; x_wconf 86' lang='lat' dir='ltr'>ad</span> <span class='ocrx_word' id='word_1_36' title='bbox 750 482 918 520; x_wconf 77' lang='lat' dir='ltr'>ecclesiae</span> <span class='ocrx_word' id='word_1_37' title='bbox 941 481 1154 518; x_wconf 74' lang='lat' dir='ltr'>reformatae</span> <span class='ocrx_word' id='word_1_38' title='bbox 1177 494 1266 518; x_wconf 90' lang='lat' dir='ltr'>usus</span> <span class='ocrx_word' id='word_1_39' title='bbox 1293 481 1489 520; x_wconf 85' lang='lat' dir='ltr'>transferre</span> <span class='ocrx_word' id='word_1_40' title='bbox 1513 490 1684 534; x_wconf 85' lang='lat' dir='ltr'><strong>oporteat</strong></span> <span class='ocrx_word' id='word_1_41' title='bbox 1698 484 1714 521; x_wconf 68' lang='grc' dir='ltr'>’ἐ</span> 
     </span>
    </p>

    <p class='ocr_par' dir='ltr' id='par_1_4' title="bbox 140 545 1714 663">
     <span class='ocr_line' id='line_1_6' title="bbox 217 545 1714 595; baseline -0.002 -7"><span class='ocrx_word' id='word_1_42' title='bbox 217 551 306 589; x_wconf 84' lang='lat' dir='ltr'>VII.</span> <span class='ocrx_word' id='word_1_43' title='bbox 360 549 423 587; x_wconf 87' lang='lat' dir='ltr'>An</span> <span class='ocrx_word' id='word_1_44' title='bbox 447 547 694 586; x_wconf 84' lang='lat' dir='ltr'>conformatio</span> <span class='ocrx_word' id='word_1_45' title='bbox 721 553 759 583; x_wconf 92' lang='lat' dir='ltr'>et</span> <span class='ocrx_word' id='word_1_46' title='bbox 782 545 1043 583; x_wconf 87' lang='lat' dir='ltr'>convenientia</span> <span class='ocrx_word' id='word_1_47' title='bbox 1067 545 1106 582; x_wconf 89' lang='lat' dir='ltr'>in</span> <span class='ocrx_word' id='word_1_48' title='bbox 1136 545 1317 595; x_wconf 90' lang='lat' dir='ltr'>ejusmodi</span> <span class='ocrx_word' id='word_1_49' title='bbox 1342 547 1562 585; x_wconf 85' lang='lat' dir='ltr'>ceremoniis</span> <span class='ocrx_word' id='word_1_50' title='bbox 1583 561 1714 585; x_wconf 86' lang='lat' dir='ltr'>neces-</span> 
     </span>
     <span class='ocr_line' id='line_1_7' title="bbox 140 612 552 663; baseline -0.01 -10"><span class='ocrx_word' id='word_1_51' title='bbox 140 616 236 653; x_wconf 86' lang='lat' dir='ltr'>sario</span> <span class='ocrx_word' id='word_1_52' title='bbox 264 615 312 652; x_wconf 88' lang='lat' dir='ltr'>sit</span> <span class='ocrx_word' id='word_1_53' title='bbox 339 612 552 663; x_wconf 82' lang='lat' dir='ltr'>exigenda?</span> 
     </span>
    </p>

    <p class='ocr_par' dir='ltr' id='par_1_5' title="bbox 141 673 1713 781">
     <span class='ocr_line' id='line_1_8' title="bbox 215 673 1713 727; baseline -0.002 -10"><span class='ocrx_word' id='word_1_54' title='bbox 215 679 328 717; x_wconf 86' lang='lat' dir='ltr'><strong>VIII.</strong></span> <span class='ocrx_word' id='word_1_55' title='bbox 384 676 445 715; x_wconf 90' lang='lat' dir='ltr'>An</span> <span class='ocrx_word' id='word_1_56' title='bbox 475 675 698 715; x_wconf 68' lang='lat' dir='ltr'>ceremoniae</span> <span class='ocrx_word' id='word_1_57' title='bbox 726 687 809 713; x_wconf 88' lang='lat' dir='ltr'>cum</span> <span class='ocrx_word' id='word_1_58' title='bbox 841 679 970 725; x_wconf 86' lang='lat' dir='ltr'>aperto</span> <span class='ocrx_word' id='word_1_59' title='bbox 1004 673 1181 712; x_wconf 88' lang='lat' dir='ltr'>scandalo</span> <span class='ocrx_word' id='word_1_60' title='bbox 1209 675 1423 726; x_wconf 83' lang='lat' dir='ltr'>conjunctae</span> <span class='ocrx_word' id='word_1_61' title='bbox 1451 676 1600 714; x_wconf 89' lang='lat' dir='ltr'>retineri</span> <span class='ocrx_word' id='word_1_62' title='bbox 1628 689 1713 727; x_wconf 89' lang='lat' dir='ltr'>pos-</span> 
     </span>
     <span class='ocr_line' id='line_1_9' title="bbox 141 743 241 781; baseline -0.01 0"><span class='ocrx_word' id='word_1_63' title='bbox 141 743 241 781; x_wconf 80' lang='lat' dir='ltr'>sint?</span> 
     </span>
    </p>

    <p class='ocr_par' dir='ltr' id='par_1_6' title="bbox 138 802 1714 923">
     <span class='ocr_line' id='line_1_10' title="bbox 216 802 1714 855; baseline -0.001 -10"><span class='ocrx_word' id='word_1_64' title='bbox 216 808 283 845; x_wconf 92' lang='lat' dir='ltr'>IX.</span> <span class='ocrx_word' id='word_1_65' title='bbox 341 807 401 844; x_wconf 89' lang='lat' dir='ltr'>An</span> <span class='ocrx_word' id='word_1_66' title='bbox 431 806 516 844; x_wconf 75' lang='lat' dir='ltr'>ullae</span> <span class='ocrx_word' id='word_1_67' title='bbox 541 804 826 843; x_wconf 83' lang='lat' dir='ltr'>constitutiones</span> <span class='ocrx_word' id='word_1_68' title='bbox 850 802 1020 841; x_wconf 72' lang='lat' dir='ltr'>ecclesiae</span> <span class='ocrx_word' id='word_1_69' title='bbox 1045 803 1222 848; x_wconf 77' lang='lat' dir='ltr'>ferendae,</span> <span class='ocrx_word' id='word_1_70' title='bbox 1254 817 1339 854; x_wconf 72' lang='lat' dir='ltr'>quoe</span> <span class='ocrx_word' id='word_1_71' title='bbox 1363 804 1558 855; x_wconf 83' lang='lat' dir='ltr'>impietate</span> <span class='ocrx_word' id='word_1_72' title='bbox 1582 810 1714 843; x_wconf 85' lang='lat' dir='ltr'>natura</span> 
     </span>
     <span class='ocr_line' id='line_1_11' title="bbox 138 867 1396 923; baseline -0.002 -14"><span class='ocrx_word' id='word_1_73' title='bbox 138 873 284 923; x_wconf 84' lang='lat' dir='ltr'>quidem</span> <span class='ocrx_word' id='word_1_74' title='bbox 314 885 379 908; x_wconf 89' lang='lat' dir='ltr'>sua</span> <span class='ocrx_word' id='word_1_75' title='bbox 406 876 544 915; x_wconf 83' lang='lat' dir='ltr'>carent,</span> <span class='ocrx_word' id='word_1_76' title='bbox 572 870 618 907; x_wconf 90' lang='lat' dir='ltr'>ad</span> <span class='ocrx_word' id='word_1_77' title='bbox 646 869 937 906; x_wconf 79' lang='lat' dir='ltr'>aedificationem</span> <span class='ocrx_word' id='word_1_78' title='bbox 965 873 1091 905; x_wconf 87' lang='lat' dir='ltr'>tamen</span> <span class='ocrx_word' id='word_1_79' title='bbox 1120 881 1197 905; x_wconf 90' lang='lat' dir='ltr'>non</span> <span class='ocrx_word' id='word_1_80' title='bbox 1225 867 1396 906; x_wconf 81' lang='lat' dir='ltr'>faciunt?</span> 
     </span>
    </p>

    <p class='ocr_par' dir='ltr' id='par_1_7' title="bbox 136 932 1712 1038">
     <span class='ocr_line' id='line_1_12' title="bbox 215 932 1712 985; baseline -0.001 -12"><span class='ocrx_word' id='word_1_81' title='bbox 215 936 263 974; x_wconf 89' lang='lat' dir='ltr'>X.</span> <span class='ocrx_word' id='word_1_82' title='bbox 318 935 380 972; x_wconf 89' lang='lat' dir='ltr'>An</span> <span class='ocrx_word' id='word_1_83' title='bbox 399 934 597 985; x_wconf 87' lang='lat' dir='ltr'>quicquam</span> <span class='ocrx_word' id='word_1_84' title='bbox 626 933 791 970; x_wconf 88' lang='lat' dir='ltr'>ecclesiis</span> <span class='ocrx_word' id='word_1_85' title='bbox 818 946 840 970; x_wconf 89' lang='lat' dir='ltr'>a</span> <span class='ocrx_word' id='word_1_86' title='bbox 866 932 1035 983; x_wconf 88' lang='lat' dir='ltr'>principe</span> <span class='ocrx_word' id='word_1_87' title='bbox 1065 932 1382 982; x_wconf 79' lang='lat' dir='ltr'>praescribendum</span> <span class='ocrx_word' id='word_1_88' title='bbox 1408 932 1447 969; x_wconf 89' lang='lat' dir='ltr'>in</span> <span class='ocrx_word' id='word_1_89' title='bbox 1478 934 1712 980; x_wconf 86' lang='lat' dir='ltr'>ceremoniis,</span> 
     </span>
     <span class='ocr_line' id='line_1_13' title="bbox 136 997 1247 1038; baseline -0.005 0"><span class='ocrx_word' id='word_1_90' title='bbox 136 1001 215 1038; x_wconf 87' lang='lat' dir='ltr'>sine</span> <span class='ocrx_word' id='word_1_91' title='bbox 243 999 434 1037; x_wconf 86' lang='lat' dir='ltr'>voluntate</span> <span class='ocrx_word' id='word_1_92' title='bbox 462 1005 500 1036; x_wconf 86' lang='lat' dir='ltr'>et</span> <span class='ocrx_word' id='word_1_93' title='bbox 525 999 641 1035; x_wconf 91' lang='lat' dir='ltr'>libero</span> <span class='ocrx_word' id='word_1_94' title='bbox 668 1010 853 1035; x_wconf 88' lang='lat' dir='ltr'>consensu</span> <span class='ocrx_word' id='word_1_95' title='bbox 881 997 1247 1034; x_wconf 78' lang='lat' dir='ltr'>ecclesiasticorum?</span> 
     </span>
    </p>

    <p class='ocr_par' dir='ltr' id='par_1_8' title="bbox 138 1061 1711 1177">
     <span class='ocr_line' id='line_1_14' title="bbox 213 1061 1711 1113; baseline 0 -12"><span class='ocrx_word' id='word_1_96' title='bbox 213 1064 284 1102; x_wconf 89' lang='lat' dir='ltr'>XI.</span> <span class='ocrx_word' id='word_1_97' title='bbox 338 1062 401 1101; x_wconf 87' lang='lat' dir='ltr'>An</span> <span class='ocrx_word' id='word_1_98' title='bbox 427 1063 631 1100; x_wconf 85' lang='lat' dir='ltr'>consultius</span> <span class='ocrx_word' id='word_1_99' title='bbox 661 1061 831 1099; x_wconf 59' lang='lat' dir='ltr'>ecclesiae</span> <span class='ocrx_word' id='word_1_100' title='bbox 862 1062 915 1099; x_wconf 90' lang='lat' dir='ltr'>sie</span> <span class='ocrx_word' id='word_1_101' title='bbox 945 1061 1133 1107; x_wconf 89' lang='lat' dir='ltr'>inservire,</span> <span class='ocrx_word' id='word_1_102' title='bbox 1161 1075 1209 1099; x_wconf 89' lang='lat' dir='ltr'>an</span> <span class='ocrx_word' id='word_1_103' title='bbox 1238 1067 1434 1113; x_wconf 87' lang='lat' dir='ltr'>propterea</span> <span class='ocrx_word' id='word_1_104' title='bbox 1457 1062 1711 1101; x_wconf 89' lang='lat' dir='ltr'>ecclesiastico</span> 
     </span>
     <span class='ocr_line' id='line_1_15' title="bbox 138 1126 980 1177; baseline -0.004 -11"><span class='ocrx_word' id='word_1_105' title='bbox 138 1127 343 1167; x_wconf 87' lang='lat' dir='ltr'>ministerio</span> <span class='ocrx_word' id='word_1_106' title='bbox 371 1127 469 1177; x_wconf 85' lang='lat' dir='ltr'>ejici,</span> <span class='ocrx_word' id='word_1_107' title='bbox 500 1127 530 1163; x_wconf 91' lang='lat' dir='ltr'>si</span> <span class='ocrx_word' id='word_1_108' title='bbox 557 1126 700 1163; x_wconf 89' lang='lat' dir='ltr'>nullum</span> <span class='ocrx_word' id='word_1_109' title='bbox 730 1126 778 1163; x_wconf 85' lang='lat' dir='ltr'>sit</span> <span class='ocrx_word' id='word_1_110' title='bbox 804 1126 980 1163; x_wconf 81' lang='lat' dir='ltr'>tertium?</span> 
     </span>
    </p>

    <p class='ocr_par' dir='ltr' id='par_1_9' title="bbox 137 1190 1716 1308">
     <span class='ocr_line' id='line_1_16' title="bbox 214 1190 1716 1244; baseline 0 -14"><span class='ocrx_word' id='word_1_111' title='bbox 214 1192 307 1230; x_wconf 87' lang='lat' dir='ltr'><strong>XII.</strong></span> <span class='ocrx_word' id='word_1_112' title='bbox 362 1191 422 1228; x_wconf 91' lang='lat' dir='ltr'>An</span> <span class='ocrx_word' id='word_1_113' title='bbox 443 1191 531 1228; x_wconf 87' lang='lat' dir='ltr'>boni</span> <span class='ocrx_word' id='word_1_114' title='bbox 550 1196 730 1241; x_wconf 86' lang='lat' dir='ltr'>pastores,</span> <span class='ocrx_word' id='word_1_115' title='bbox 760 1191 822 1241; x_wconf 90' lang='lat' dir='ltr'>qui</span> <span class='ocrx_word' id='word_1_116' title='bbox 848 1190 1033 1228; x_wconf 81' lang='lat' dir='ltr'>doctrinae</span> <span class='ocrx_word' id='word_1_117' title='bbox 1052 1196 1090 1228; x_wconf 88' lang='lat' dir='ltr'>et</span> <span class='ocrx_word' id='word_1_118' title='bbox 1108 1191 1198 1228; x_wconf 83' lang='lat' dir='ltr'>vitae</span> <span class='ocrx_word' id='word_1_119' title='bbox 1218 1191 1418 1241; x_wconf 76' lang='lat' dir='ltr'>inculpatae</span> <span class='ocrx_word' id='word_1_120' title='bbox 1438 1198 1536 1236; x_wconf 86' lang='lat' dir='ltr'>sunt,</span> <span class='ocrx_word' id='word_1_121' title='bbox 1566 1198 1716 1244; x_wconf 88' lang='lat' dir='ltr'>propter</span> 
     </span>
     <span class='ocr_line' id='line_1_17' title="bbox 137 1254 1530 1308; baseline -0.001 -13"><span class='ocrx_word' id='word_1_122' title='bbox 137 1255 346 1308; x_wconf 86' lang='lat' dir='ltr'>hujusmodi</span> <span class='ocrx_word' id='word_1_123' title='bbox 367 1255 598 1293; x_wconf 80' lang='lat' dir='ltr'>ceremonias</span> <span class='ocrx_word' id='word_1_124' title='bbox 617 1254 809 1305; x_wconf 83' lang='lat' dir='ltr'>neglectas</span> <span class='ocrx_word' id='word_1_125' title='bbox 824 1255 908 1305; x_wconf 90' lang='lat' dir='ltr'>jure</span> <span class='ocrx_word' id='word_1_126' title='bbox 927 1268 950 1291; x_wconf 86' lang='lat' dir='ltr'>a</span> <span class='ocrx_word' id='word_1_127' title='bbox 968 1254 1175 1292; x_wconf 85' lang='lat' dir='ltr'>ministerio</span> <span class='ocrx_word' id='word_1_128' title='bbox 1193 1256 1335 1293; x_wconf 88' lang='lat' dir='ltr'>moveri</span> <span class='ocrx_word' id='word_1_129' title='bbox 1354 1256 1530 1306; x_wconf 80' lang='lat' dir='ltr'>possint?</span> 
     </span>
    </p>

    <p class='ocr_par' dir='ltr' id='par_1_10' title="bbox 135 1318 1715 1757">
     <span class='ocr_line' id='line_1_18' title="bbox 215 1318 1715 1364; baseline 0 -6"><span class='ocrx_word' id='word_1_130' title='bbox 215 1322 296 1359; x_wconf 87' lang='lat' dir='ltr'>En!</span> <span class='ocrx_word' id='word_1_131' title='bbox 330 1320 456 1364; x_wconf 86' lang='lat' dir='ltr'>habes,</span> <span class='ocrx_word' id='word_1_132' title='bbox 493 1320 644 1357; x_wconf 87' lang='lat' dir='ltr'>domine</span> <span class='ocrx_word' id='word_1_133' title='bbox 674 1318 949 1364; x_wconf 91' lang='lat' dir='ltr'>colendissime,</span> <span class='ocrx_word' id='word_1_134' title='bbox 983 1325 1130 1357; x_wconf 90' lang='lat' dir='ltr'>nostras</span> <span class='ocrx_word' id='word_1_135' title='bbox 1159 1319 1408 1357; x_wconf 87' lang='lat' dir='ltr'>difficultates.</span> <span class='ocrx_word' id='word_1_136' title='bbox 1466 1320 1542 1358; x_wconf 90' lang='lat' dir='ltr'>Hic</span> <span class='ocrx_word' id='word_1_137' title='bbox 1569 1320 1715 1358; x_wconf 86' lang='lat' dir='ltr'>haerent</span> 
     </span>
     <span class='ocr_line' id='line_1_19' title="bbox 137 1383 1711 1435; baseline -0.001 -12"><span class='ocrx_word' id='word_1_138' title='bbox 137 1385 242 1423; x_wconf 87' lang='lat' dir='ltr'>multi</span> <span class='ocrx_word' id='word_1_139' title='bbox 268 1390 305 1423; x_wconf 89' lang='lat' dir='ltr'>et</span> <span class='ocrx_word' id='word_1_140' title='bbox 330 1384 383 1435; x_wconf 88' lang='lat' dir='ltr'>pii</span> <span class='ocrx_word' id='word_1_141' title='bbox 403 1383 481 1422; x_wconf 89' lang='lat' dir='ltr'>viri.</span> <span class='ocrx_word' id='word_1_142' title='bbox 538 1383 584 1421; x_wconf 90' lang='lat' dir='ltr'>In</span> <span class='ocrx_word' id='word_1_143' title='bbox 610 1396 767 1434; x_wconf 89' lang='lat' dir='ltr'>quorum</span> <span class='ocrx_word' id='word_1_144' title='bbox 795 1383 954 1434; x_wconf 83' lang='lat' dir='ltr'>gratiam</span> <span class='ocrx_word' id='word_1_145' title='bbox 978 1383 1058 1434; x_wconf 88' lang='lat' dir='ltr'>jam</span> <span class='ocrx_word' id='word_1_146' title='bbox 1084 1384 1250 1422; x_wconf 89' lang='lat' dir='ltr'>secundo</span> <span class='ocrx_word' id='word_1_147' title='bbox 1269 1398 1291 1421; x_wconf 89' lang='lat' dir='ltr'>a</span> <span class='ocrx_word' id='word_1_148' title='bbox 1315 1390 1352 1421; x_wconf 93' lang='lat' dir='ltr'>te</span> <span class='ocrx_word' id='word_1_149' title='bbox 1375 1389 1478 1435; x_wconf 86' lang='lat' dir='ltr'>peto,</span> <span class='ocrx_word' id='word_1_150' title='bbox 1501 1390 1543 1422; x_wconf 87' lang='lat' dir='ltr'>ut</span> <span class='ocrx_word' id='word_1_151' title='bbox 1567 1398 1607 1422; x_wconf 88' lang='lat' dir='ltr'>re</span> <span class='ocrx_word' id='word_1_152' title='bbox 1627 1398 1711 1422; x_wconf 89' lang='lat' dir='ltr'>eum</span> 
     </span>
     <span class='ocr_line' id='line_1_20' title="bbox 138 1447 1714 1500; baseline -0.001 -12"><span class='ocrx_word' id='word_1_153' title='bbox 138 1451 185 1488; x_wconf 91' lang='lat' dir='ltr'>D.</span> <span class='ocrx_word' id='word_1_154' title='bbox 207 1450 397 1495; x_wconf 89' lang='lat' dir='ltr'>Gualtero,</span> <span class='ocrx_word' id='word_1_155' title='bbox 415 1447 639 1498; x_wconf 90' lang='lat' dir='ltr'>reliquisque</span> <span class='ocrx_word' id='word_1_156' title='bbox 658 1448 885 1499; x_wconf 88' lang='lat' dir='ltr'>symmystis,</span> <span class='ocrx_word' id='word_1_157' title='bbox 904 1461 972 1499; x_wconf 90' lang='lat' dir='ltr'>pro</span> <span class='ocrx_word' id='word_1_158' title='bbox 990 1454 1113 1486; x_wconf 86' lang='lat' dir='ltr'>vestra</span> <span class='ocrx_word' id='word_1_159' title='bbox 1130 1448 1271 1499; x_wconf 86' lang='lat' dir='ltr'>pietate</span> <span class='ocrx_word' id='word_1_160' title='bbox 1290 1449 1385 1486; x_wconf 92' lang='lat' dir='ltr'>bene</span> <span class='ocrx_word' id='word_1_161' title='bbox 1408 1462 1604 1500; x_wconf 88' lang='lat' dir='ltr'>perpensa,</span> <span class='ocrx_word' id='word_1_162' title='bbox 1624 1449 1714 1500; x_wconf 90' lang='lat' dir='ltr'>quid</span> 
     </span>
     <span class='ocr_line' id='line_1_21' title="bbox 137 1512 1713 1563; baseline -0.001 -11"><span class='ocrx_word' id='word_1_163' title='bbox 137 1515 285 1552; x_wconf 88' lang='lat' dir='ltr'>tandem</span> <span class='ocrx_word' id='word_1_164' title='bbox 311 1513 415 1551; x_wconf 88' lang='lat' dir='ltr'>vobis</span> <span class='ocrx_word' id='word_1_165' title='bbox 439 1512 617 1557; x_wconf 83' lang='lat' dir='ltr'>videatur,</span> <span class='ocrx_word' id='word_1_166' title='bbox 641 1512 731 1549; x_wconf 92' lang='lat' dir='ltr'>velis</span> <span class='ocrx_word' id='word_1_167' title='bbox 758 1518 884 1563; x_wconf 83' lang='lat' dir='ltr'>aperte</span> <span class='ocrx_word' id='word_1_168' title='bbox 910 1512 1131 1563; x_wconf 83' lang='lat' dir='ltr'>significare,</span> <span class='ocrx_word' id='word_1_169' title='bbox 1157 1518 1195 1549; x_wconf 92' lang='lat' dir='ltr'>et</span> <span class='ocrx_word' id='word_1_170' title='bbox 1219 1512 1480 1563; x_wconf 86' lang='lat' dir='ltr'>responsiones</span> <span class='ocrx_word' id='word_1_171' title='bbox 1505 1513 1551 1550; x_wconf 87' lang='lat' dir='ltr'>ad</span> <span class='ocrx_word' id='word_1_172' title='bbox 1580 1526 1713 1550; x_wconf 87' lang='lat' dir='ltr'>unam-</span> 
     </span>
     <span class='ocr_line' id='line_1_22' title="bbox 138 1576 1711 1630; baseline -0.001 -14"><span class='ocrx_word' id='word_1_173' title='bbox 138 1592 320 1630; x_wconf 84' lang='lat' dir='ltr'>quamque</span> <span class='ocrx_word' id='word_1_174' title='bbox 351 1577 597 1628; x_wconf 77' lang='lat' dir='ltr'>quaestionem</span> <span class='ocrx_word' id='word_1_175' title='bbox 627 1576 772 1627; x_wconf 86' lang='lat' dir='ltr'>seriptis</span> <span class='ocrx_word' id='word_1_176' title='bbox 804 1576 1040 1627; x_wconf 85' lang='lat' dir='ltr'>consignare.</span> <span class='ocrx_word' id='word_1_177' title='bbox 1102 1576 1236 1614; x_wconf 90' lang='lat' dir='ltr'>Multis</span> <span class='ocrx_word' id='word_1_178' title='bbox 1269 1590 1370 1622; x_wconf 87' lang='lat' dir='ltr'>sane,</span> <span class='ocrx_word' id='word_1_179' title='bbox 1400 1576 1492 1614; x_wconf 84' lang='lat' dir='ltr'>mihi</span> <span class='ocrx_word' id='word_1_180' title='bbox 1523 1590 1610 1614; x_wconf 90' lang='lat' dir='ltr'>vero</span> <span class='ocrx_word' id='word_1_181' title='bbox 1643 1577 1711 1614; x_wconf 84' lang='lat' dir='ltr'>im-</span> 
     </span>
     <span class='ocr_line' id='line_1_23' title="bbox 137 1641 1710 1693; baseline -0.002 -12"><span class='ocrx_word' id='word_1_182' title='bbox 137 1643 275 1693; x_wconf 86' lang='lat' dir='ltr'>primis,</span> <span class='ocrx_word' id='word_1_183' title='bbox 306 1656 383 1680; x_wconf 92' lang='lat' dir='ltr'>rem</span> <span class='ocrx_word' id='word_1_184' title='bbox 410 1642 523 1692; x_wconf 81' lang='lat' dir='ltr'>longe</span> <span class='ocrx_word' id='word_1_185' title='bbox 551 1641 801 1692; x_wconf 84' lang='lat' dir='ltr'>gratissimam</span> <span class='ocrx_word' id='word_1_186' title='bbox 834 1641 973 1686; x_wconf 82' lang='lat' dir='ltr'>facies3</span> <span class='ocrx_word' id='word_1_187' title='bbox 1009 1641 1179 1679; x_wconf 75' lang='lat' dir='ltr'>ecclesiae</span> <span class='ocrx_word' id='word_1_188' title='bbox 1211 1641 1323 1678; x_wconf 90' lang='lat' dir='ltr'>etiam</span> <span class='ocrx_word' id='word_1_189' title='bbox 1355 1647 1498 1679; x_wconf 84' lang='lat' dir='ltr'>nostrae</span> <span class='ocrx_word' id='word_1_190' title='bbox 1531 1641 1710 1692; x_wconf 90' lang='lat' dir='ltr'>optimam</span> 
     </span>
     <span class='ocr_line' id='line_1_24' title="bbox 135 1707 467 1757; baseline -0.006 -12"><span class='ocrx_word' id='word_1_191' title='bbox 135 1707 286 1745; x_wconf 87' lang='lat' dir='ltr'>navabis</span> <span class='ocrx_word' id='word_1_192' title='bbox 305 1720 467 1757; x_wconf 90' lang='lat' dir='ltr'>operam.</span> 
     </span>
    </p>

    <p class='ocr_par' dir='ltr' id='par_1_11' title="bbox 133 1770 1713 2590">
     <span class='ocr_line' id='line_1_25' title="bbox 216 1770 1713 1822; baseline -0.001 -13"><span class='ocrx_word' id='word_1_193' title='bbox 216 1772 285 1809; x_wconf 88' lang='lat' dir='ltr'>Est</span> <span class='ocrx_word' id='word_1_194' title='bbox 309 1771 420 1808; x_wconf 90' lang='lat' dir='ltr'>etiam</span> <span class='ocrx_word' id='word_1_195' title='bbox 449 1770 546 1808; x_wconf 89' lang='lat' dir='ltr'>aliud</span> <span class='ocrx_word' id='word_1_196' title='bbox 573 1771 617 1808; x_wconf 82' lang='lat' dir='ltr'>&lt;le</span> <span class='ocrx_word' id='word_1_197' title='bbox 643 1784 715 1822; x_wconf 89' lang='lat' dir='ltr'>quo</span> <span class='ocrx_word' id='word_1_198' title='bbox 740 1778 779 1808; x_wconf 89' lang='lat' dir='ltr'>te</span> <span class='ocrx_word' id='word_1_199' title='bbox 801 1770 998 1809; x_wconf 88' lang='lat' dir='ltr'>certiorem</span> <span class='ocrx_word' id='word_1_200' title='bbox 1023 1770 1144 1809; x_wconf 91' lang='lat' dir='ltr'>facere</span> <span class='ocrx_word' id='word_1_201' title='bbox 1169 1770 1280 1809; x_wconf 87' lang='lat' dir='ltr'>volui.</span> <span class='ocrx_word' id='word_1_202' title='bbox 1338 1771 1555 1808; x_wconf 90' lang='lat' dir='ltr'>Decedente</span> <span class='ocrx_word' id='word_1_203' title='bbox 1584 1776 1713 1808; x_wconf 89' lang='lat' dir='ltr'>nostro</span> 
     </span>
     <span class='ocr_line' id='line_1_26' title="bbox 139 1835 1713 1886; baseline -0.001 -13"><span class='ocrx_word' id='word_1_204' title='bbox 139 1836 348 1873; x_wconf 87' lang='lat' dir='ltr'>Chambero</span> <span class='ocrx_word' id='word_1_205' title='bbox 363 1835 453 1872; x_wconf 83' lang='lat' dir='ltr'>mihi</span> <span class='ocrx_word' id='word_1_206' title='bbox 468 1836 678 1873; x_wconf 87' lang='lat' dir='ltr'>concredita</span> <span class='ocrx_word' id='word_1_207' title='bbox 694 1841 798 1873; x_wconf 90' lang='lat' dir='ltr'>erant</span> <span class='ocrx_word' id='word_1_208' title='bbox 813 1835 985 1886; x_wconf 75' lang='lat' dir='ltr'>quaedam</span> <span class='ocrx_word' id='word_1_209' title='bbox 1002 1835 1151 1886; x_wconf 88' lang='lat' dir='ltr'>scripta,</span> <span class='ocrx_word' id='word_1_210' title='bbox 1169 1848 1255 1885; x_wconf 84' lang='lat' dir='ltr'>quae</span> <span class='ocrx_word' id='word_1_211' title='bbox 1273 1835 1321 1873; x_wconf 93' lang='lat' dir='ltr'>D.</span> <span class='ocrx_word' id='word_1_212' title='bbox 1341 1835 1499 1886; x_wconf 90' lang='lat' dir='ltr'>Hopero</span> <span class='ocrx_word' id='word_1_213' title='bbox 1514 1835 1713 1886; x_wconf 87' lang='lat' dir='ltr'>aliquando</span> 
     </span>
     <span class='ocr_line' id='line_1_27' title="bbox 135 1899 1712 1951; baseline 0 -14"><span class='ocrx_word' id='word_1_214' title='bbox 135 1906 252 1945; x_wconf 84' lang='lat' dir='ltr'>erant,</span> <span class='ocrx_word' id='word_1_215' title='bbox 273 1906 314 1937; x_wconf 87' lang='lat' dir='ltr'>ut</span> <span class='ocrx_word' id='word_1_216' title='bbox 331 1900 484 1945; x_wconf 89' lang='lat' dir='ltr'>videtur,</span> <span class='ocrx_word' id='word_1_217' title='bbox 505 1900 703 1938; x_wconf 88' lang='lat' dir='ltr'>carissima.</span> <span class='ocrx_word' id='word_1_218' title='bbox 752 1900 857 1938; x_wconf 88' lang='lat' dir='ltr'>Inter</span> <span class='ocrx_word' id='word_1_219' title='bbox 874 1900 948 1937; x_wconf 87' lang='lat' dir='ltr'>alia</span> <span class='ocrx_word' id='word_1_220' title='bbox 965 1900 1083 1951; x_wconf 83' lang='lat' dir='ltr'>reperi</span> <span class='ocrx_word' id='word_1_221' title='bbox 1103 1900 1152 1937; x_wconf 93' lang='lat' dir='ltr'>D.</span> <span class='ocrx_word' id='word_1_222' title='bbox 1173 1899 1362 1938; x_wconf 89' lang='lat' dir='ltr'>Theodori</span> <span class='ocrx_word' id='word_1_223' title='bbox 1384 1900 1591 1938; x_wconf 89' lang='lat' dir='ltr'>Bibliandri</span> <span class='ocrx_word' id='word_1_224' title='bbox 1610 1913 1712 1937; x_wconf 86' lang='lat' dir='ltr'>com-</span> 
     </span>
     <span class='ocr_line' id='line_1_28' title="bbox 135 1964 1713 2016; baseline 0 -15"><span class='ocrx_word' id='word_1_225' title='bbox 135 1965 368 2009; x_wconf 88' lang='lat' dir='ltr'>mentarium,</span> <span class='ocrx_word' id='word_1_226' title='bbox 385 1964 546 2014; x_wconf 87' lang='lat' dir='ltr'>amplum</span> <span class='ocrx_word' id='word_1_227' title='bbox 562 1965 709 2015; x_wconf 90' lang='lat' dir='ltr'>quidem</span> <span class='ocrx_word' id='word_1_228' title='bbox 726 1970 764 2002; x_wconf 90' lang='lat' dir='ltr'>et</span> <span class='ocrx_word' id='word_1_229' title='bbox 775 1964 1083 2016; x_wconf 87' lang='lat' dir='ltr'>manuscriptum,</span> <span class='ocrx_word' id='word_1_230' title='bbox 1100 1964 1139 2001; x_wconf 90' lang='lat' dir='ltr'>in</span> <span class='ocrx_word' id='word_1_231' title='bbox 1151 1964 1315 2002; x_wconf 89' lang='lat' dir='ltr'>Genesin</span> <span class='ocrx_word' id='word_1_232' title='bbox 1331 1970 1368 2001; x_wconf 88' lang='lat' dir='ltr'>et</span> <span class='ocrx_word' id='word_1_233' title='bbox 1384 1964 1569 2002; x_wconf 84' lang='lat' dir='ltr'>Exodum.</span> <span class='ocrx_word' id='word_1_234' title='bbox 1597 1964 1713 2015; x_wconf 88' lang='lat' dir='ltr'>Equi-</span> 
     </span>
     <span class='ocr_line' id='line_1_29' title="bbox 136 2028 1709 2080; baseline 0.001 -14"><span class='ocrx_word' id='word_1_235' title='bbox 136 2029 221 2066; x_wconf 86' lang='lat' dir='ltr'>dem</span> <span class='ocrx_word' id='word_1_236' title='bbox 245 2042 330 2066; x_wconf 90' lang='lat' dir='ltr'>cum</span> <span class='ocrx_word' id='word_1_237' title='bbox 353 2028 472 2078; x_wconf 89' lang='lat' dir='ltr'>(quod</span> <span class='ocrx_word' id='word_1_238' title='bbox 495 2028 628 2080; x_wconf 84' lang='lat' dir='ltr'>sciam)</span> <span class='ocrx_word' id='word_1_239' title='bbox 657 2043 734 2066; x_wconf 89' lang='lat' dir='ltr'>non</span> <span class='ocrx_word' id='word_1_240' title='bbox 763 2030 811 2067; x_wconf 87' lang='lat' dir='ltr'>sit</span> <span class='ocrx_word' id='word_1_241' title='bbox 837 2042 991 2080; x_wconf 88' lang='lat' dir='ltr'>usquam</span> <span class='ocrx_word' id='word_1_242' title='bbox 1017 2029 1218 2079; x_wconf 89' lang='lat' dir='ltr'>impressus</span> <span class='ocrx_word' id='word_1_243' title='bbox 1248 2028 1309 2066; x_wconf 91' lang='lat' dir='ltr'>hic</span> <span class='ocrx_word' id='word_1_244' title='bbox 1341 2029 1446 2074; x_wconf 88' lang='lat' dir='ltr'>liber,</span> <span class='ocrx_word' id='word_1_245' title='bbox 1476 2028 1615 2065; x_wconf 87' lang='lat' dir='ltr'>nollem</span> <span class='ocrx_word' id='word_1_246' title='bbox 1645 2030 1709 2067; x_wconf 86' lang='lat' dir='ltr'>tali</span> 
     </span>
     <span class='ocr_line' id='line_1_30' title="bbox 133 2092 1711 2145; baseline 0 -14"><span class='ocrx_word' id='word_1_247' title='bbox 133 2093 317 2131; x_wconf 89' lang='lat' dir='ltr'>beneficio</span> <span class='ocrx_word' id='word_1_248' title='bbox 342 2093 536 2130; x_wconf 87' lang='lat' dir='ltr'>ecclesiam</span> <span class='ocrx_word' id='word_1_249' title='bbox 560 2093 699 2131; x_wconf 86' lang='lat' dir='ltr'>Christi</span> <span class='ocrx_word' id='word_1_250' title='bbox 726 2094 863 2131; x_wconf 90' lang='lat' dir='ltr'>diutius</span> <span class='ocrx_word' id='word_1_251' title='bbox 889 2093 1035 2145; x_wconf 87' lang='lat' dir='ltr'>privari.</span> <span class='ocrx_word' id='word_1_252' title='bbox 1091 2093 1129 2130; x_wconf 83' lang='lat' dir='ltr'>Si</span> <span class='ocrx_word' id='word_1_253' title='bbox 1156 2099 1220 2130; x_wconf 91' lang='lat' dir='ltr'>tua</span> <span class='ocrx_word' id='word_1_254' title='bbox 1245 2093 1410 2144; x_wconf 86' lang='lat' dir='ltr'>dignitas</span> <span class='ocrx_word' id='word_1_255' title='bbox 1428 2093 1518 2130; x_wconf 91' lang='lat' dir='ltr'>velit</span> <span class='ocrx_word' id='word_1_256' title='bbox 1542 2092 1711 2131; x_wconf 86' lang='lat' dir='ltr'>haeredes</span> 
     </span>
     <span class='ocr_line' id='line_1_31' title="bbox 136 2157 1712 2209; baseline -0.001 -13"><span class='ocrx_word' id='word_1_257' title='bbox 136 2159 184 2196; x_wconf 92' lang='lat' dir='ltr'>D.</span> <span class='ocrx_word' id='word_1_258' title='bbox 213 2157 418 2195; x_wconf 85' lang='lat' dir='ltr'>Bibliandri</span> <span class='ocrx_word' id='word_1_259' title='bbox 446 2158 621 2196; x_wconf 88' lang='lat' dir='ltr'>certiores</span> <span class='ocrx_word' id='word_1_260' title='bbox 645 2158 778 2204; x_wconf 89' lang='lat' dir='ltr'>faeere,</span> <span class='ocrx_word' id='word_1_261' title='bbox 804 2158 876 2196; x_wconf 87' lang='lat' dir='ltr'>hoc</span> <span class='ocrx_word' id='word_1_262' title='bbox 901 2158 1078 2209; x_wconf 91' lang='lat' dir='ltr'>scriptum</span> <span class='ocrx_word' id='word_1_263' title='bbox 1106 2158 1205 2208; x_wconf 89' lang='lat' dir='ltr'>apud</span> <span class='ocrx_word' id='word_1_264' title='bbox 1231 2170 1291 2195; x_wconf 90' lang='lat' dir='ltr'>me</span> <span class='ocrx_word' id='word_1_265' title='bbox 1318 2171 1412 2204; x_wconf 85' lang='lat' dir='ltr'>esse,</span> <span class='ocrx_word' id='word_1_266' title='bbox 1444 2157 1570 2208; x_wconf 88' lang='lat' dir='ltr'>illique</span> <span class='ocrx_word' id='word_1_267' title='bbox 1596 2157 1712 2195; x_wconf 86' lang='lat' dir='ltr'>velint</span> 
     </span>
     <span class='ocr_line' id='line_1_32' title="bbox 137 2221 1712 2273; baseline -0.001 -14"><span class='ocrx_word' id='word_1_268' title='bbox 137 2223 321 2272; x_wconf 83' lang='lat' dir='ltr'>evulgare,</span> <span class='ocrx_word' id='word_1_269' title='bbox 352 2221 525 2271; x_wconf 82' lang='lat' dir='ltr'>significa</span> <span class='ocrx_word' id='word_1_270' title='bbox 547 2223 605 2258; x_wconf 89' lang='lat' dir='ltr'>cui</span> <span class='ocrx_word' id='word_1_271' title='bbox 627 2222 697 2259; x_wconf 87' lang='lat' dir='ltr'>sim</span> <span class='ocrx_word' id='word_1_272' title='bbox 719 2222 854 2260; x_wconf 88' lang='lat' dir='ltr'>librum</span> <span class='ocrx_word' id='word_1_273' title='bbox 877 2222 1093 2268; x_wconf 85' lang='lat' dir='ltr'>traditurus,</span> <span class='ocrx_word' id='word_1_274' title='bbox 1119 2227 1184 2259; x_wconf 86' lang='lat' dir='ltr'>aut</span> <span class='ocrx_word' id='word_1_275' title='bbox 1212 2235 1286 2273; x_wconf 91' lang='lat' dir='ltr'>quo</span> <span class='ocrx_word' id='word_1_276' title='bbox 1315 2223 1428 2259; x_wconf 91' lang='lat' dir='ltr'>modo</span> <span class='ocrx_word' id='word_1_277' title='bbox 1459 2221 1507 2259; x_wconf 85' lang='lat' dir='ltr'>ad</span> <span class='ocrx_word' id='word_1_278' title='bbox 1534 2234 1601 2258; x_wconf 92' lang='lat' dir='ltr'>vos</span> <span class='ocrx_word' id='word_1_279' title='bbox 1627 2227 1712 2259; x_wconf 90' lang='lat' dir='ltr'>tuto</span> 
     </span>
     <span class='ocr_line' id='line_1_33' title="bbox 136 2286 1712 2338; baseline 0.001 -16"><span class='ocrx_word' id='word_1_280' title='bbox 136 2286 282 2336; x_wconf 87' lang='lat' dir='ltr'>perferri</span> <span class='ocrx_word' id='word_1_281' title='bbox 310 2286 456 2337; x_wconf 89' lang='lat' dir='ltr'>poterit,</span> <span class='ocrx_word' id='word_1_282' title='bbox 493 2292 529 2323; x_wconf 89' lang='lat' dir='ltr'>et</span> <span class='ocrx_word' id='word_1_283' title='bbox 560 2299 618 2323; x_wconf 88' lang='lat' dir='ltr'>me</span> <span class='ocrx_word' id='word_1_284' title='bbox 644 2288 782 2325; x_wconf 88' lang='lat' dir='ltr'>senties</span> <span class='ocrx_word' id='word_1_285' title='bbox 815 2287 1091 2338; x_wconf 87' lang='lat' dir='ltr'>paratissimum</span> <span class='ocrx_word' id='word_1_286' title='bbox 1123 2287 1325 2324; x_wconf 87' lang='lat' dir='ltr'>voluntatis</span> <span class='ocrx_word' id='word_1_287' title='bbox 1356 2292 1433 2323; x_wconf 79' lang='lat' dir='ltr'>tuae</span> <span class='ocrx_word' id='word_1_288' title='bbox 1462 2291 1712 2323; x_wconf 88' lang='lat' dir='ltr'>executorem.</span> 
     </span>
     <span class='ocr_line' id='line_1_34' title="bbox 139 2349 1710 2402; baseline 0 -15"><span class='ocrx_word' id='word_1_289' title='bbox 139 2350 236 2387; x_wconf 78' lang='lat' dir='ltr'>Haec</span> <span class='ocrx_word' id='word_1_290' title='bbox 255 2356 351 2395; x_wconf 86' lang='lat' dir='ltr'>sunt,</span> <span class='ocrx_word' id='word_1_291' title='bbox 372 2351 416 2387; x_wconf 89' lang='lat' dir='ltr'>de</span> <span class='ocrx_word' id='word_1_292' title='bbox 436 2350 568 2400; x_wconf 88' lang='lat' dir='ltr'>quibus</span> <span class='ocrx_word' id='word_1_293' title='bbox 587 2356 689 2387; x_wconf 85' lang='lat' dir='ltr'>tuam</span> <span class='ocrx_word' id='word_1_294' title='bbox 713 2352 752 2388; x_wconf 88' lang='lat' dir='ltr'>in</span> <span class='ocrx_word' id='word_1_295' title='bbox 778 2351 857 2390; x_wconf 86' lang='lat' dir='ltr'>dies</span> <span class='ocrx_word' id='word_1_296' title='bbox 882 2351 1109 2402; x_wconf 87' lang='lat' dir='ltr'>exspectabo</span> <span class='ocrx_word' id='word_1_297' title='bbox 1137 2351 1443 2400; x_wconf 82' lang='lat' dir='ltr'>responsionem3</span> <span class='ocrx_word' id='word_1_298' title='bbox 1474 2350 1512 2388; x_wconf 91' lang='lat' dir='ltr'>in</span> <span class='ocrx_word' id='word_1_299' title='bbox 1532 2349 1710 2401; x_wconf 81' lang='lat' dir='ltr'>quaestio-</span> 
     </span>
     <span class='ocr_line' id='line_1_35' title="bbox 137 2414 1709 2467; baseline 0.001 -17"><span class='ocrx_word' id='word_1_300' title='bbox 137 2414 242 2451; x_wconf 88' lang='lat' dir='ltr'>nibus</span> <span class='ocrx_word' id='word_1_301' title='bbox 276 2414 461 2464; x_wconf 79' lang='lat' dir='ltr'>praecipue</span> <span class='ocrx_word' id='word_1_302' title='bbox 492 2415 580 2465; x_wconf 84' lang='lat' dir='ltr'>quid</span> <span class='ocrx_word' id='word_1_303' title='bbox 607 2415 744 2453; x_wconf 86' lang='lat' dir='ltr'>sentias</span> <span class='ocrx_word' id='word_1_304' title='bbox 769 2423 822 2462; x_wconf 90' lang='lat' dir='ltr'>tu,</span> <span class='ocrx_word' id='word_1_305' title='bbox 849 2416 1011 2467; x_wconf 87' lang='lat' dir='ltr'>quidque</span> <span class='ocrx_word' id='word_1_306' title='bbox 1037 2415 1167 2453; x_wconf 83' lang='lat' dir='ltr'>fratres</span> <span class='ocrx_word' id='word_1_307' title='bbox 1199 2415 1375 2459; x_wconf 87' lang='lat' dir='ltr'>sentiant,</span> <span class='ocrx_word' id='word_1_308' title='bbox 1410 2427 1483 2466; x_wconf 85' lang='lat' dir='ltr'>ego</span> <span class='ocrx_word' id='word_1_309' title='bbox 1509 2415 1709 2452; x_wconf 89' lang='lat' dir='ltr'>multorum</span> 
     </span>
     <span class='ocr_line' id='line_1_36' title="bbox 135 2478 1709 2531; baseline 0.002 -18"><span class='ocrx_word' id='word_1_310' title='bbox 135 2478 286 2514; x_wconf 85' lang='lat' dir='ltr'>nominc</span> <span class='ocrx_word' id='word_1_311' title='bbox 308 2483 349 2514; x_wconf 86' lang='lat' dir='ltr'>ut</span> <span class='ocrx_word' id='word_1_312' title='bbox 368 2478 507 2515; x_wconf 85' lang='lat' dir='ltr'>indices</span> <span class='ocrx_word' id='word_1_313' title='bbox 526 2480 707 2517; x_wconf 83' lang='lat' dir='ltr'>submisse</span> <span class='ocrx_word' id='word_1_314' title='bbox 732 2486 831 2530; x_wconf 88' lang='lat' dir='ltr'>peto.</span> <span class='ocrx_word' id='word_1_315' title='bbox 878 2482 980 2518; x_wconf 88' lang='lat' dir='ltr'>Deus</span> <span class='ocrx_word' id='word_1_316' title='bbox 999 2480 1163 2531; x_wconf 90' lang='lat' dir='ltr'>optimus</span> <span class='ocrx_word' id='word_1_317' title='bbox 1181 2480 1367 2516; x_wconf 75' lang='lat' dir='ltr'>maximus</span> <span class='ocrx_word' id='word_1_318' title='bbox 1384 2485 1421 2516; x_wconf 91' lang='lat' dir='ltr'>te</span> <span class='ocrx_word' id='word_1_319' title='bbox 1441 2479 1613 2517; x_wconf 80' lang='lat' dir='ltr'>ecclesiae</span> <span class='ocrx_word' id='word_1_320' title='bbox 1631 2491 1709 2516; x_wconf 72' lang='lat' dir='ltr'>suae</span> 
     </span>
     <span class='ocr_line' id='line_1_37' title="bbox 136 2542 1606 2590; baseline 0.001 -13"><span class='ocrx_word' id='word_1_321' title='bbox 136 2542 318 2578; x_wconf 81' lang='lat' dir='ltr'>valentem</span> <span class='ocrx_word' id='word_1_322' title='bbox 340 2548 376 2579; x_wconf 90' lang='lat' dir='ltr'>ct</span> <span class='ocrx_word' id='word_1_323' title='bbox 394 2542 578 2580; x_wconf 82' lang='lat' dir='ltr'>viventem</span> <span class='ocrx_word' id='word_1_324' title='bbox 598 2544 805 2582; x_wconf 82' lang='lat' dir='ltr'>diutissime</span> <span class='ocrx_word' id='word_1_325' title='bbox 825 2546 1040 2583; x_wconf 69' lang='lat' dir='ltr'>conservet*</span> <span class='ocrx_word' id='word_1_326' title='bbox 1099 2545 1275 2590; x_wconf 89' lang='lat' dir='ltr'>Londini,</span> <span class='ocrx_word' id='word_1_327' title='bbox 1299 2547 1345 2581; x_wconf 89' lang='lat'>16</span> <span class='ocrx_word' id='word_1_328' title='bbox 1365 2544 1471 2582; x_wconf 90' lang='lat' dir='ltr'>Febr.</span> <span class='ocrx_word' id='word_1_329' title='bbox 1494 2545 1606 2580; x_wconf 86' lang='lat'>1566.</span> 
     </span>
    </p>

    <p class='ocr_par' dir='ltr' id='par_1_12' title="bbox 221 2609 1642 2919">
     <span class='ocr_line' id='line_1_38' title="bbox 687 2609 1394 2660; baseline 0 -15"><span class='ocrx_word' id='word_1_330' title='bbox 687 2609 780 2646; x_wconf 77' lang='lat' dir='ltr'>Tuae</span> <span class='ocrx_word' id='word_1_331' title='bbox 809 2609 1005 2660; x_wconf 79' lang='lat' dir='ltr'>dignitatis</span> <span class='ocrx_word' id='word_1_332' title='bbox 1033 2609 1394 2654; x_wconf 87' lang='lat' dir='ltr'>observantissimus,</span> 
     </span>
     <span class='ocr_line' id='line_1_39' title="bbox 1130 2671 1655 2712; baseline -0.004 0"><span class='ocrx_word' id='word_1_333' title='bbox 1130 2673 1357 2712; x_wconf 83' lang='lat' dir='ltr'>THOMAS</span> <span class='ocrx_word' id='word_1_334' title='bbox 1388 2671 1655 2711; x_wconf 86' lang='lat' dir='ltr'>SAMPSON.</span> 
     </span>
     <span class='ocr_line' id='line_1_40' title="bbox 420 2749 682 2778; baseline 0.019 -5"><span class='ocrx_word' id='word_1_335' title='bbox 420 2749 682 2778; x_wconf 81' lang='lat' dir='ltr'>INSCRIPTIO.</span> 
     </span>
     <span class='ocr_line' id='line_1_41' title="bbox 221 2801 978 2855; baseline 0.011 -19"><span class='ocrx_word' id='word_1_336' title='bbox 221 2801 427 2839; x_wconf 70' lang='lat' dir='ltr'>Reverendo</span> <span class='ocrx_word' id='word_1_337' title='bbox 454 2806 493 2840; x_wconf 76' lang='lat' dir='ltr'>in</span> <span class='ocrx_word' id='word_1_338' title='bbox 521 2805 670 2842; x_wconf 72' lang='lat' dir='ltr'>Christo</span> <span class='ocrx_word' id='word_1_339' title='bbox 694 2808 808 2855; x_wconf 72' lang='lat' dir='ltr'>patri</span> <span class='ocrx_word' id='word_1_340' title='bbox 836 2819 882 2843; x_wconf 78' lang='lat' dir='ltr'>ac</span> <span class='ocrx_word' id='word_1_341' title='bbox 913 2809 978 2845; x_wconf 83' lang='lat' dir='ltr'>do-</span> 
     </span>
     <span class='ocr_line' id='line_1_42' title="bbox 320 2867 977 2919; baseline 0.014 -18"><span class='ocrx_word' id='word_1_342' title='bbox 320 2867 424 2902; x_wconf 78' lang='lat' dir='ltr'>mino</span> <span class='ocrx_word' id='word_1_343' title='bbox 456 2867 503 2902; x_wconf 91' lang='lat' dir='ltr'>D.</span> <span class='ocrx_word' id='word_1_344' title='bbox 534 2870 703 2907; x_wconf 73' lang='lat' dir='ltr'>Henrico</span> <span class='ocrx_word' id='word_1_345' title='bbox 738 2871 977 2919; x_wconf 74' lang='lat' dir='ltr'>Bullingero,</span> 
     </span>
    </p>
   </div>
   <div class='ocr_carea' id='block_1_3' title="bbox 320 2932 976 3034">
    <p class='ocr_par' dir='ltr' id='par_1_13' title="bbox 320 2932 976 3034">
     <span class='ocr_line' id='line_1_43' title="bbox 323 2932 976 2986; baseline 0.014 -21"><span class='ocrx_word' id='word_1_346' title='bbox 323 2932 483 2967; x_wconf 75' lang='lat' dir='ltr'>ecclesioe</span> <span class='ocrx_word' id='word_1_347' title='bbox 505 2933 976 2986; x_wconf 72' lang='lat' dir='ltr'>Tigurz&#39;naepastorifide—</span> 
     </span>
     <span class='ocr_line' id='line_1_44' title="bbox 320 2996 472 3034; baseline 0.026 -4"><span class='ocrx_word' id='word_1_348' title='bbox 320 2996 472 3034; x_wconf 62' lang='lat' dir='ltr'>lisss&#39;mo.</span> 
     </span>
    </p>
   </div>
  </div>
 </body>
</html>
