1845 3233
161 138 242 178 122
415 149 609 175 RchRDus
641 148 766 174 coxus
797 148 852 172 AD
883 146 1096 173 HENRICUM
1128 147 1428 174 BULLINGERUM.
1585 133 1728 189 [EPIST.

157 264 345 313 dignatus,
374 267 452 298 tum
481 261 581 311 quod
608 266 684 297 tam
711 260 784 310 piis
811 258 919 296 donis
946 271 1005 295 me
1033 259 1141 296 beare
1169 265 1348 310 perpetuo
1377 260 1511 311 pergit.
1568 260 1652 298 Imo
1683 274 1730 298 ex

158 329 283 365 animo
309 327 391 364 Deo
419 330 496 374 opt.
517 338 615 361 max.
647 322 950 373 gratiam'habeo
976 323 1192 367 maximam,
1213 324 1275 374 qui
1303 331 1339 362 te
1358 325 1523 363 veritatis
1544 337 1622 362 suae
1642 337 1728 374 pro-

156 390 338 442 pagandae
364 389 573 426 columnam
599 386 862 424 solidissimam
894 386 1072 422 statuerit.
1127 385 1361 436 Longaevum
1393 402 1524 439 precor
1552 394 1590 425 te
1616 388 1732 425 faciat

159 457 206 494 D.
235 455 339 492 Deus
367 457 492 489 noster
519 452 564 488 ad
590 451 747 500 gloriam
775 449 891 501 ipsius
919 455 957 486 et
985 449 1155 487 ecclesiae
1180 452 1432 497 commodum,
1465 465 1551 503 quae
1580 453 1660 502 jam
1686 451 1726 487 in

157 525 298 557 arctum
318 516 478 566 cogitur,
504 521 542 551 et
564 515 725 564 undique
750 514 946 564 premitur;
976 514 1020 550 de
1046 527 1121 564 qua
1140 514 1253 552 etiam
1278 516 1475 554 adversarii
1501 515 1728 566 triumphum

157 582 383 622 meditantur
399 585 437 617 et
452 585 670 630 exspectant
690 578 911 617 avidissime.
948 577 1020 614 Sed
1038 582 1060 599 “
1072 591 1184 628 quare
1203 578 1432 617 fremuerunt
1447 586 1593 630 genteS,
1609 585 1680 617 etc.
1691 578 1730 615 ‘2'’

158 644 483 685 Confidentissime
499 643 735 694 sperandum,
750 642 849 693 quod
865 642 968 679 Deus
986 655 1063 679 non
1080 642 1226 680 deseret
1241 656 1328 680 suos
1347 643 1386 680 in
1401 644 1525 681 finem.
1561 644 1730 693 Dissipet

157 710 344 750 Dominus
369 707 526 746 consilia
550 707 697 744 illorum
724 706 997 752 Helvetiorum,
1023 706 1087 757 qui
1110 706 1224 743 tantis
1250 706 1383 744 animis
1408 721 1431 744 a
1458 708 1564 745 vobis
1589 707 1730 745 disces-

157 780 283 814 serunt
309 773 356 810 ad
381 771 531 810 Gallos!
574 770 721 822 Assyrii
743 770 956 808 terribiliter
978 770 1111 807 minati
1138 770 1287 807 fuerunt
1316 771 1635 822 Hierosolymitis,
1662 770 1729 808 secl

156 852 240 878 cum
259 849 398 887 magno
418 848 484 873 suo
508 835 621 872 malo.
677 834 715 871 Si
736 834 840 872 Deus
864 848 931 885 pro
951 834 1072 878 nobis,
1095 834 1176 884 quis
1195 840 1325 872 contra
1348 835 1447 873 nos?
1489 836 1565 873 Res
1586 841 1728 874 nostra»,

157 903 223 954 (sit
249 902 332 940 Deo
358 898 519 950 gratial)
549 898 639 935 satis
662 897 782 936 adhuc
811 904 896 936 sunt
922 904 1083 949 pacatae,
1112 898 1184 935 nisi
1209 899 1308 948 quod
1334 899 1503 938 Cananei
1532 901 1632 938 inter
1658 912 1729 937 nos

156 963 420 1004 incredibiliter
446 964 659 1008 densantur,
688 968 945 1013 exspectantes
973 962 1012 1000 in
1041 962 1120 1000 dies
1147 963 1295 1012 quando
1322 964 1495 1014 loquetur
1521 964 1657 1002 asinus.

232 1029 335 1067 Vivit
363 1027 482 1065 adhuc
514 1033 639 1065 noster
665 1026 822 1072 Abelus‚
851 1027 1014 1078 optimus
1046 1027 1109 1071 vir,
1143 1027 1209 1064 sed
1242 1040 1309 1065 suo
1337 1028 1479 1066 calculo
1512 1028 1731 1078 gravissime

157 1099 320 1133 vexatus.
373 1092 518 1141 Magna
554 1097 612 1128 est
638 1104 746 1141 seges
779 1091 924 1142 piorum
954 1091 1249 1129 adolescentium
1277 1091 1315 1128 in
1347 1093 1548 1130 academiis
1579 1093 1728 1131 nostris.

159 1158 355 1201 Dominus,
383 1169 583 1206 speramus,
610 1155 764 1205 augebit
793 1155 995 1205 operarios,
1025 1155 1089 1206 qui
1116 1155 1314 1193 mittantur
1342 1155 1381 1193 in
1413 1169 1571 1194 messem
1602 1171 1726 1202 suam;

157 1223 254 1274 quod
279 1220 464 1271 singulare
485 1226 655 1257 nostrum
683 1232 764 1256 esse
793 1219 904 1256 debet
921 1219 1105 1265 solatium,
1135 1219 1199 1270 qui
1224 1219 1325 1259 brevi
1348 1226 1604 1271 exspectamus
1631 1223 1730 1260 solu-

156 1288 299 1325 tionem
317 1290 497 1329 nostram,
526 1289 567 1320 ut
584 1283 723 1321 animae
744 1283 842 1320 coelo
860 1283 1070 1328 reddantur,
1101 1288 1139 1320 et
1157 1295 1313 1334 corpora
1339 1289 1449 1322 terrae
1469 1285 1675 1323 tradantur.

233 1350 338 1395 Vale,
369 1348 556 1386 carissime
583 1347 707 1391 frater,
737 1347 948 1398 mutuisque
976 1347 1074 1398 apud
1104 1347 1227 1384 Deum
1254 1348 1428 1398 precibus
1451 1362 1520 1387 nos
1541 1351 1728 1400 juvemus.

156 1413 389 1455 Resalutabis
415 1425 539 1450 meum
565 1411 720 1456 Julium,
750 1411 868 1448 virum
895 1411 988 1448 mihi
1014 1424 1090 1448 non
1119 1411 1365 1462 incognitum.
1424 1415 1536 1451 1563.

1010 1486 1081 1524 Tui
1109 1487 1413 1534 studiosissimus,

957 1561 1237 1599 RICARDUS
1266 1562 1391 1609 COX,
1449 1565 1624 1604 Eliensis.

416 1626 675 1653 INSCRIPTIO.

265 1681 470 1719 Carissimo
518 1681 561 1715 in
609 1678 760 1715 Christo
800 1677 940 1728 fratri,

311 1746 362 1782 D.
383 1744 550 1781 Henrieo
571 1743 808 1789 Bullingero,
837 1743 945 1779 eccle-

313 1810 380 1846 sz'ae
433 1808 624 1856 Tigurinoe
665 1808 816 1856 pastori
859 1807 940 1854 dig-

311 1873 478 1910 nissimo.

646 2039 945 2081 EPISTOLA
990 2039 1238 2083 LXXXV.

239 2176 509 2208 EDMUNDUS
543 2178 855 2210 GRINDALLUs
884 2180 951 2211 AD
981 2181 1243 2212 HENRICUM
1272 2181 1646 2214 BULLINGERUM.

239 2242 370 2279 SAms
390 2242 429 2278 in
450 2241 615 2280 Christo.
673 2242 784 2288 Quod
802 2244 920 2282 rarius
936 2245 983 2282 ad
1002 2246 1182 2295 pietatem
1200 2251 1302 2282 tuam
1323 2245 1456 2291 scribo,
1477 2247 1662 2285 carissime
1678 2249 1728 2287 D.

160 2305 390 2356 Bullingere,
422 2306 624 2356 imputabis
647 2306 848 2356 praeteritis
873 2308 980 2346 bellis
1009 2315 1047 2346 et
1074 2309 1279 2360 interrupto
1305 2311 1529 2348 commercio
1556 2311 1727 2364 Belgico.

159 2370 292 2407 Libros
313 2375 396 2406 tuos
428 2370 473 2407 de
504 2369 663 2419 Origine
694 2383 857 2408 errorum
886 2378 924 2410 et
947 2372 1130 2411 Conciliis
1156 2374 1334 2424 superiori
1362 2387 1461 2412 anno
1488 2376 1627 2426 accepi,
1658 2391 1729 2428 pro

158 2434 288 2484 quibus
314 2434 425 2470 etiam
453 2447 609 2484 magnas
637 2434 775 2484 gratias
802 2448 888 2486 ago.

238 2497 401 2537 Dissidia
435 2497 499 2536 illa
538 2498 576 2534 in
610 2498 767 2536 ecclesia
803 2507 930 2538 nostra
965 2500 1319 2551 Londino-belgiea‚
1353 2502 1398 2539 de
1431 2502 1562 2552 quibus
1592 2504 1639 2540 ad
1670 2516 1730 2541 me

159 2561 351 2610 scripsisti,
371 2574 435 2610 per
456 2561 530 2599 Dei
552 2562 712 2611 gratiam
730 2564 928 2614 consopita
946 2571 1043 2602 sunt.
1100 2565 1316 2603 Vestramm
1335 2566 1571 2604 ecclesiarum
1588 2567 1734 2617 judicia

161 2624 358 2674 plurimum
376 2625 486 2661 nobis
506 2624 730 2675 profuerunt.

242 2686 287 2724 In
303 2686 423 2723 vicino
443 2693 573 2724 nostro
591 2688 728 2738 Belgio
746 2689 915 2728 Albanus
934 2692 1043 2742 plane
1060 2692 1331 2731 Phalarismum
1350 2698 1509 2731 exercet.
1546 2693 1733 2745 Locuple-

161 2750 273 2787 tiores
300 2763 442 2795 omneS,
478 2752 730 2803 cujuscunque
757 2760 844 2791 sunt
871 2755 1079 2806 religionis,
1109 2770 1255 2794 summo
1282 2757 1410 2795 vivunt
1431 2757 1470 2794 in
1499 2757 1731 2796 discrimine:

161 2814 352 2865 rapiuntur
384 2814 483 2852 enim
514 2814 683 2854 homines
712 2817 750 2854 in
779 2818 858 2855 dies
895 2819 943 2856 ad
975 2820 1167 2870 supplicia,
1196 2821 1348 2859 ditiores
1377 2821 1600 2871 praesertim,
1629 2822 1733 2860 nulla

160 2879 356 2916 observata
373 2878 467 2927 juris
491 2878 621 2916 forma.
677 2880 736 2918 De
759 2882 867 2919 rebus
891 2875 1136 2921 Gallicisvos
1159 2885 1285 2922 omnia
1308 2885 1442 2922 melius
1462 2885 1594 2922 nostis.
1650 2885 1731 2924 Nos

161 2941 235 2980 Dei
249 2942 483 2991 benignitate
501 2941 540 2978 in
558 2955 697 2993 magna
715 2946 981 2995 tranquillitate
997 2961 1137 2994 sumus,
1152 2954 1235 2985 utut
1252 2948 1361 2986 nobis
1379 2949 1542 2987 minetur
1552 2949 1734 2987 Albanus.

158 3005 442 3063 *commercium
470 3005 668 3055 Belginum
695 3007 764 3046 hac
791 3009 936 3047 ratione
965 3010 1209 3062 interruptum
1238 3012 1318 3049 fuit.
1376 3013 1570 3064 Superiore
1598 3013 1733 3065 hyeme
