1845 3233
69 136 173 194 mm]
322 147 521 176 ROBERTUS
557 145 715 173 nomos
748 143 802 169 AD
833 140 1047 168 HENRICUM
1080 138 1382 167 BULLINGERUM.
1600 124 1653 164 81

71 278 166 310 mea,
197 277 284 316 quae
314 262 463 314 cupitis,
498 265 540 299 ut
568 259 687 310 majus
723 257 809 295 inde
838 255 1012 307 poculum
1041 261 1079 292 et
1106 254 1220 305 pleno
1249 258 1377 305 aptum
1405 249 1575 290 convivio
1603 249 1656 286 sa-

72 328 204 367 brieari
233 327 385 366 curetis.

152 393 210 430 De
247 391 393 430 insidiis
430 395 469 427 et
504 388 690 427 furoribus
723 385 1032 430 adversariorum,
1067 382 1200 435 quibus
1238 379 1512 433 periclitamini,
1541 390 1660 429 angor

72 457 243 508 equidem
274 462 317 493 ut
344 469 422 500 vos,
452 461 490 492 et
519 467 645 492 rursus
670 453 794 503 erigor
822 465 867 489 ea
890 448 1159 492 consolatione,
1189 459 1299 498 quam
1322 452 1361 483 tu
1390 444 1567 496 proponis
1594 455 1661 494 per

72 534 157 560 eum
190 520 255 572 qui
284 519 376 558 vicit
405 519 599 564 mundum,
629 519 734 569 cujus
765 517 829 568 qui
859 521 945 553 sunt
968 528 990 552 a
1012 513 1150 551 mundo
1177 511 1272 551 vinci
1304 516 1370 550 aut
1397 509 1559 562 superari
1581 520 1658 545 non

72 591 239 637 possunt.
287 585 338 623 Et
357 598 404 623 ex
423 583 630 636 pontificiis
649 582 793 633 injuriis
813 594 891 619 non
910 587 987 617 tam
1010 592 1080 617 nos
1098 578 1310 630 affligimur,
1330 590 1442 628 quam
1458 575 1660 613 illustratur

70 651 192 702 gloria
211 650 300 695 Dei,
328 656 367 688 et
385 649 633 701 amplificatur
658 646 907 697 evangelium.
961 644 1045 684 Nos
1060 645 1133 695 'per
1151 650 1270 682 totam
1291 642 1472 694 Angliam
1500 638 1657 678 eandem

68 713 248 753 habemus
281 714 573 752 ecclesiasticam
612 711 819 750 doctrinam
857 723 967 761 quam
1003 722 1082 755 vos,
1120 709 1157 747 in
1197 708 1330 747 ritibus
1367 713 1405 745 et
1438 703 1658 745 ceremoniis

69 780 140 817 mi¹
160 807 302 818 ......
333 779 406 817 illis
432 779 596 830 quidem,
624 790 705 821 nec,
734 782 774 814 ut
799 776 953 813 docetur
979 775 1147 826 populus,
1174 774 1212 812 in
1237 786 1378 824 magna
1404 770 1659 810 aestimatione

69 844 200 882 harum
235 845 426 896 paululum
461 843 712 881 dissentimus.
774 841 979 893 Nunquam
1010 847 1137 879 autem
1166 839 1384 883 desivimus,
1415 843 1455 875 ut
1484 835 1657 878 hortaris,

70 922 158 960 quae
188 915 290 946 recta
315 915 353 946 et
379 909 569 960 sequenda
589 913 675 945 sunt
697 920 743 945 ex
763 906 875 945 sacris
899 906 1087 957 scripturis
1107 905 1251 949 docere,
1271 900 1602 943 commonefacere,
1623 906 1662 936 et

69 974 222 1020 instare,
252 986 299 1010 ne
324 980 454 1012 nostro
484 973 576 1011 vitio
605 985 694 1023 grex
723 971 831 1009 nobis
858 970 1080 1009 commissus
1109 969 1309 1022 dissipetur
1337 980 1403 1020 per
1431 965 1658 1005 inveteratos

66 1051 221 1084 erroreS,
251 1039 313 1090 qui
334 1038 455 1076 adhue
480 1052 503 1076 a
527 1036 728 1089 pontificiis
752 1036 849 1074 clam
874 1041 1113 1086 sparguntur.

149 1104 181 1141 E
217 1103 331 1149 libris,
363 1116 455 1154 quos
485 1103 525 1140 in
559 1101 733 1140 secundis
762 1113 1032 1139 commemoras
1064 1100 1193 1147 literis,
1224 1101 1351 1152 accepi
1385 1107 1458 1139 tres
1490 1099 1657 1151 ejusdcm

68 1168 284 1218 argumenti
317 1174 447 1206 contra
478 1167 625 1206 Brentii
657 1165 939 1216 Ubiquitatem:
976 1178 1086 1215 quam
1116 1168 1307 1204 materiam
1339 1166 1515 1216 suscepit,
1544 1172 1584 1203 ut
1616 1173 1657 1204 tu

68 1233 189 1284 cupis,
212 1232 365 1284 Anglus
390 1233 552 1285 quidam,
577 1231 811 1281 eandemque
835 1243 906 1280 ope
933 1229 1057 1267 divina
1081 1230 1215 1268 acriter
1240 1244 1282 1268 ae
1308 1230 1443 1268 diserte
1469 1231 1656 1275 tractabit,

67 1305 110 1337 ut
134 1299 309 1336 omnibus
336 1299 558 1343 innotescat,
583 1297 681 1335 idem
704 1295 852 1346 Anglos
873 1308 958 1333 cum
983 1294 1172 1346 Tigurinis
1197 1296 1235 1333 in
1262 1309 1305 1333 ca
1329 1309 1368 1333 re
1392 1296 1539 1334 sentire.
1599 1296 1655 1333 De

66 1363 262 1401 clarissimi
299 1363 367 1401 viri
403 1363 504 1402 Petri
543 1361 723 1411 Martyris
759 1365 878 1397 morte
917 1365 1005 1397 ante
1047 1365 1191 1397 tuarum
1232 1360 1420 1398 literarum
1457 1361 1655 1398 adventum

67 1428 207 1478 accepi.
273 1428 331 1466 De
365 1440 577 1466 successore
608 1440 630 1464 a
659 1440 699 1464 se
729 1425 911 1463 moriente
944 1425 1140 1475 designato
1176 1426 1334 1476 gaudeo.
1396 1425 1656 1465 Tridentinum

66 1492 356 1530 conciliabulum
380 1493 556 1530 adversus
577 1490 770 1528 Christum
796 1490 1020 1534 institutum,
1049 1502 1134 1526 eum
1154 1490 1201 1526 ad
1228 1503 1416 1527 summum
1436 1490 1656 1541 perductum

64 1556 190 1601 fuerit,
221 1556 429 1607 dissipabit,
468 1557 531 1608 qui
566 1556 696 1594 sedens
730 1555 767 1592 in
799 1554 905 1592 coelis
939 1554 1068 1591 irridet
1101 1567 1178 1599 eos,
1213 1554 1527 1605 quemadmodum
1561 1567 1656 1591 vana

66 1619 261 1658 hominum
289 1621 444 1659 consilia
473 1621 574 1658 irrita
600 1633 746 1671 semper
771 1619 871 1663 fecit,
901 1624 939 1656 et
964 1618 1010 1655 ad
1035 1618 1191 1656 nihilum
1216 1619 1373 1669 redegit.

147 1686 348 1737 Reliquum
373 1691 443 1731 est,
470 1686 521 1723 mi
550 1685 779 1735 Bullingere,
809 1690 850 1721 ut
874 1696 959 1721 meo
984 1689 1021 1720 et
1046 1683 1169 1720 uxoris
1195 1697 1292 1721 meos.
1321 1683 1473 1721 nomine
1498 1683 1656 1721 salutem

64 1750 249 1788 ascribam
274 1751 342 1788 tibi
373 1750 584 1801 plurimam,
616 1755 654 1787 et
684 1749 837 1800 optimis
861 1747 1057 1793 matronis,
1089 1748 1195 1786 uxori
1221 1754 1300 1786 tuae
1329 1754 1366 1786 et
1392 1747 1654 1786 Froschoveri:

66 1815 214 1865 generis
234 1815 325 1852 item
348 1815 433 1859 tuis,
454 1815 623 1859 Simlero,
652 1813 779 1857 Losi0,
805 1813 989 1851 Lavatero
1013 1819 1123 1863 atque
1144 1812 1345 1863 Zuinglio;
1376 1819 1458 1850 tum
1483 1812 1656 1850 fratribus

68 1879 107 1916 in
138 1878 290 1917 Christo
319 1880 464 1917 dilectis
497 1880 544 1917 D.
567 1879 760 1923 Gualtero,
784 1878 1014 1923 Bibliandro,
1033 1876 1214 1928 Wolphio
1240 1884 1278 1915 et
1306 1877 1475 1922 Hallero,
1501 1877 1656 1928 hospiti-

68 1956 140 1994 que
173 1956 270 1989 meo,
304 1950 342 1981 et
375 1945 497 1982 viduae
530 1943 781 1995 pauperculae,
812 1956 900 1993 quae
932 1943 1038 1980 nobis
1070 1942 1108 1979 in
1137 1941 1380 1979 Froschoveri
1410 1942 1523 1979 domo
1554 1955 1655 1980 com-

69 2008 231 2045 muniter
273 2009 472 2057 agentibus
516 2007 751 2053 ministravit,
792 2007 851 2045 cui
891 2007 984 2045 duos
1027 2014 1227 2045 coronatos
1264 2006 1362 2043 misi.
1423 2006 1597 2044 Vestram
1632 2020 1657 2043 a

72 2071 239 2109 Domino
266 2079 356 2122 opto
381 2073 551 2110 salutem.
610 2072 797 2122 Deinceps
816 2072 951 2110 curabo
970 2076 1012 2109 ut
1036 2071 1131 2108 meis
1155 2084 1232 2109 non
1259 2084 1384 2108 careas
1406 2070 1534 2116 literis,
1557 2069 1657 2121 quod

71 2141 112 2173 ut
137 2142 177 2173 tu
201 2136 366 2174 vicissim
396 2136 511 2174 facias
536 2137 647 2174 etiam
673 2142 783 2187 atque
808 2137 921 2174 etiam
941 2149 1048 2187 rogo.
1104 2136 1210 2174 Vale.
1266 2135 1454 2173 Dominus
1479 2135 1591 2172 Jesus
1618 2142 1656 2172 te

69 2212 150 2238 suae
181 2201 354 2239 ecclesiae
384 2201 447 2238 diu
476 2207 595 2239 servet
622 2201 867 2239 incolumem!
922 2200 1148 2246 XVintoniae,
1181 2202 1227 2239 13
1258 2200 1486 2244 Decembris,
1519 2201 1631 2237 1563.

744 2286 846 2326 Tuus
875 2287 912 2326 in
942 2287 1106 2334 Christo,

857 2385 1017 2430 quantus
1045 2383 1208 2431 quantus
1235 2378 1317 2428 sim,

992 2466 1278 2508 ROBERTUS
1308 2470 1544 2514 WINTON.

435 2540 690 2565 INSCRIPTIO.

177 2593 364 2630 Ornatiss.
396 2594 477 2629 viro
507 2596 539 2629 et
560 2593 689 2642 fratri
710 2594 748 2628 in
773 2593 920 2631 Clu-isto

250 2658 383 2695 caris-s.
414 2657 458 2694 D.
490 2658 657 2694 lleurico
678 2658 912 2707 Bullz'ngcro.

711 2770 733 2804 [¹
757 2771 847 2798 Deest
865 2772 1000 2806 aliquid.]

178 3097 363 3154 [zomon
398 3099 621 3156 LETTERS-J
