<?xml version="1.0" encoding="UTF-8"?>
<!DOCTYPE html PUBLIC "-//W3C//DTD XHTML 1.0 Transitional//EN"
    "http://www.w3.org/TR/xhtml1/DTD/xhtml1-transitional.dtd">
<html xmlns="http://www.w3.org/1999/xhtml" xml:lang="en" lang="en">
 <head>
  <title>
</title>
<meta http-equiv="Content-Type" content="text/html;charset=utf-8" />
  <meta name='ocr-system' content='tesseract 3.04.00' />
  <meta name='ocr-capabilities' content='ocr_page ocr_carea ocr_par ocr_line ocrx_word'/>
</head>
<body>
  <div class='ocr_page' id='page_1' title='image "./zurichletterscom02hunt_0326.png"; bbox 0 0 1845 3233; ppageno 0'>
   <div class='ocr_carea' id='block_1_1' title="bbox 219 122 1784 180">
    <p class='ocr_par' dir='ltr' id='par_1_1' title="bbox 219 122 1784 180">
     <span class='ocr_line' id='line_1_1' title="bbox 219 122 1784 180; baseline -0.005 -9"><span class='ocrx_word' id='word_1_1' title='bbox 219 136 243 175; x_wconf 83' lang='lat'><strong>3</strong></span> <span class='ocrx_word' id='word_1_2' title='bbox 252 136 274 173; x_wconf 80' lang='lat'>2</span> <span class='ocrx_word' id='word_1_3' title='bbox 798 140 1003 167; x_wconf 75' lang='lat' dir='ltr'>JOHANNES</span> <span class='ocrx_word' id='word_1_4' title='bbox 1037 139 1207 165; x_wconf 76' lang='lat' dir='ltr'>JUELLUS</span> <span class='ocrx_word' id='word_1_5' title='bbox 1641 122 1784 180; x_wconf 78' lang='lat' dir='ltr'>[EPIST.</span> 
     </span>
    </p>
   </div>
   <div class='ocr_carea' id='block_1_2' title="bbox 211 251 1785 3006">
    <p class='ocr_par' dir='ltr' id='par_1_2' title="bbox 211 251 1785 1786">
     <span class='ocr_line' id='line_1_2' title="bbox 219 251 1785 305; baseline -0.004 -8"><span class='ocrx_word' id='word_1_6' title='bbox 219 260 338 298; x_wconf 80' lang='lat' dir='ltr'>adhuc</span> <span class='ocrx_word' id='word_1_7' title='bbox 366 265 437 296; x_wconf 87' lang='lat' dir='ltr'>stat</span> <span class='ocrx_word' id='word_1_8' title='bbox 466 259 503 294; x_wconf 91' lang='lat' dir='ltr'>in</span> <span class='ocrx_word' id='word_1_9' title='bbox 536 257 664 293; x_wconf 85' lang='lat' dir='ltr'>larario</span> <span class='ocrx_word' id='word_1_10' title='bbox 693 255 879 305; x_wconf 86' lang='lat' dir='ltr'>principis.</span> <span class='ocrx_word' id='word_1_11' title='bbox 937 254 1002 291; x_wconf 90' lang='lat' dir='ltr'>Me</span> <span class='ocrx_word' id='word_1_12' title='bbox 1033 252 1229 299; x_wconf 76' lang='lat' dir='ltr'>miserum!</span> <span class='ocrx_word' id='word_1_13' title='bbox 1259 264 1318 288; x_wconf 87' lang='lat' dir='ltr'>res</span> <span class='ocrx_word' id='word_1_14' title='bbox 1344 264 1388 288; x_wconf 90' lang='lat' dir='ltr'>ea</span> <span class='ocrx_word' id='word_1_15' title='bbox 1419 251 1527 289; x_wconf 85' lang='lat' dir='ltr'>facile</span> <span class='ocrx_word' id='word_1_16' title='bbox 1552 251 1719 291; x_wconf 82' lang='lat' dir='ltr'><strong>trahetur</strong></span> <span class='ocrx_word' id='word_1_17' title='bbox 1745 253 1785 291; x_wconf 87' lang='lat' dir='ltr'>in</span> 
     </span>
     <span class='ocr_line' id='line_1_3' title="bbox 220 315 1784 372; baseline -0.003 -13"><span class='ocrx_word' id='word_1_18' title='bbox 220 324 437 372; x_wconf 82' lang='lat' dir='ltr'>exemplum.</span> <span class='ocrx_word' id='word_1_19' title='bbox 492 320 582 370; x_wconf 85' lang='lat' dir='ltr'>Spes</span> <span class='ocrx_word' id='word_1_20' title='bbox 602 325 679 356; x_wconf 87' lang='lat' dir='ltr'>erat</span> <span class='ocrx_word' id='word_1_21' title='bbox 698 318 894 368; x_wconf 88' lang='lat' dir='ltr'>aliquando</span> <span class='ocrx_word' id='word_1_22' title='bbox 912 317 1061 354; x_wconf 89' lang='lat' dir='ltr'>tandem</span> <span class='ocrx_word' id='word_1_23' title='bbox 1088 322 1252 366; x_wconf 87' lang='lat' dir='ltr'>ereptum</span> <span class='ocrx_word' id='word_1_24' title='bbox 1282 315 1345 357; x_wconf 75' lang='lat' dir='ltr'>iri3</span> <span class='ocrx_word' id='word_1_25' title='bbox 1375 315 1486 365; x_wconf 85' lang='lat' dir='ltr'>idque</span> <span class='ocrx_word' id='word_1_26' title='bbox 1511 321 1552 352; x_wconf 91' lang='lat' dir='ltr'>ut</span> <span class='ocrx_word' id='word_1_27' title='bbox 1577 316 1693 360; x_wconf 86' lang='lat' dir='ltr'>fieret,</span> <span class='ocrx_word' id='word_1_28' title='bbox 1712 329 1784 354; x_wconf 87' lang='lat' dir='ltr'>nos</span> 
     </span>
     <span class='ocr_line' id='line_1_4' title="bbox 219 379 1783 433; baseline -0.004 -9"><span class='ocrx_word' id='word_1_29' title='bbox 219 400 346 425; x_wconf 87' lang='lat' dir='ltr'>omnes</span> <span class='ocrx_word' id='word_1_30' title='bbox 369 386 534 422; x_wconf 80' lang='lat' dir='ltr'><strong>dedimus</strong></span> <span class='ocrx_word' id='word_1_31' title='bbox 560 383 769 433; x_wconf 82' lang='lat' dir='ltr'>diligenter,</span> <span class='ocrx_word' id='word_1_32' title='bbox 799 388 836 419; x_wconf 88' lang='lat' dir='ltr'>et</span> <span class='ocrx_word' id='word_1_33' title='bbox 862 381 981 418; x_wconf 88' lang='lat' dir='ltr'>adhuc</span> <span class='ocrx_word' id='word_1_34' title='bbox 1011 381 1141 417; x_wconf 85' lang='lat' dir='ltr'>damus</span> <span class='ocrx_word' id='word_1_35' title='bbox 1166 392 1332 430; x_wconf 87' lang='lat' dir='ltr'>operam.</span> <span class='ocrx_word' id='word_1_36' title='bbox 1389 379 1462 416; x_wconf 89' lang='lat' dir='ltr'>Sed</span> <span class='ocrx_word' id='word_1_37' title='bbox 1483 379 1576 429; x_wconf 88' lang='lat' dir='ltr'>jam,</span> <span class='ocrx_word' id='word_1_38' title='bbox 1604 386 1783 430; x_wconf 90' lang='lat' dir='ltr'>quantum</span> 
     </span>
     <span class='ocr_line' id='line_1_5' title="bbox 220 443 1784 496; baseline -0.004 -9"><span class='ocrx_word' id='word_1_39' title='bbox 220 451 336 493; x_wconf 83' lang='lat' dir='ltr'>video,</span> <span class='ocrx_word' id='word_1_40' title='bbox 365 448 633 486; x_wconf 83' lang='lat' dir='ltr'>conclamatum</span> <span class='ocrx_word' id='word_1_41' title='bbox 659 452 727 483; x_wconf 89' lang='lat' dir='ltr'>est.</span> <span class='ocrx_word' id='word_1_42' title='bbox 785 446 843 483; x_wconf 86' lang='lat' dir='ltr'>Ita</span> <span class='ocrx_word' id='word_1_43' title='bbox 869 458 1015 496; x_wconf 84' lang='lat' dir='ltr'>prorsus</span> <span class='ocrx_word' id='word_1_44' title='bbox 1041 443 1229 481; x_wconf 82' lang='lat' dir='ltr'>obfirmati</span> <span class='ocrx_word' id='word_1_45' title='bbox 1262 449 1349 480; x_wconf 81' lang='lat' dir='ltr'>sunt</span> <span class='ocrx_word' id='word_1_46' title='bbox 1372 444 1499 481; x_wconf 83' lang='lat' dir='ltr'>animi.</span> <span class='ocrx_word' id='word_1_47' title='bbox 1556 444 1681 482; x_wconf 92' lang='lat' dir='ltr'>Nimis</span> <span class='ocrx_word' id='word_1_48' title='bbox 1699 458 1784 495; x_wconf 83' lang='lat' dir='ltr'>pru·</span> 
     </span>
     <span class='ocr_line' id='line_1_6' title="bbox 216 507 1784 560; baseline -0.003 -9"><span class='ocrx_word' id='word_1_49' title='bbox 216 516 342 552; x_wconf 87' lang='lat' dir='ltr'>denter</span> <span class='ocrx_word' id='word_1_50' title='bbox 367 513 436 549; x_wconf 80' lang='lat' dir='ltr'>ista</span> <span class='ocrx_word' id='word_1_51' title='bbox 462 510 552 548; x_wconf 85' lang='lat' dir='ltr'>mihi</span> <span class='ocrx_word' id='word_1_52' title='bbox 589 510 757 547; x_wconf 89' lang='lat' dir='ltr'>videntur</span> <span class='ocrx_word' id='word_1_53' title='bbox 785 510 875 560; x_wconf 79' lang='lat' dir='ltr'>geri,</span> <span class='ocrx_word' id='word_1_54' title='bbox 913 509 1099 558; x_wconf 84' lang='lat' dir='ltr'>nimisque</span> <span class='ocrx_word' id='word_1_55' title='bbox 1127 507 1296 558; x_wconf 84' lang='lat' dir='ltr'>mystice.</span> <span class='ocrx_word' id='word_1_56' title='bbox 1355 507 1405 544; x_wconf 87' lang='lat' dir='ltr'>Et</span> <span class='ocrx_word' id='word_1_57' title='bbox 1432 521 1505 558; x_wconf 90' lang='lat' dir='ltr'>quo</span> <span class='ocrx_word' id='word_1_58' title='bbox 1533 508 1688 546; x_wconf 89' lang='lat' dir='ltr'>tandem</span> <span class='ocrx_word' id='word_1_59' title='bbox 1723 522 1784 546; x_wconf 86' lang='lat' dir='ltr'>res</span> 
     </span>
     <span class='ocr_line' id='line_1_7' title="bbox 217 569 1779 623; baseline -0.003 -8"><span class='ocrx_word' id='word_1_60' title='bbox 217 584 354 616; x_wconf 59' lang='lat' dir='ltr'>nostrie</span> <span class='ocrx_word' id='word_1_61' title='bbox 381 588 521 614; x_wconf 75' lang='lat' dir='ltr'>casurae</span> <span class='ocrx_word' id='word_1_62' title='bbox 546 575 633 617; x_wconf 79' lang='lat' dir='ltr'>sint,</span> <span class='ocrx_word' id='word_1_63' title='bbox 663 575 765 611; x_wconf 88' lang='lat' dir='ltr'>Deus</span> <span class='ocrx_word' id='word_1_64' title='bbox 793 574 936 611; x_wconf 89' lang='lat' dir='ltr'>viderit.</span> <span class='ocrx_word' id='word_1_65' title='bbox 982 572 1113 608; x_wconf 80' lang='grc' dir='ltr'>Ἵπποι</span> <span class='ocrx_word' id='word_1_66' title='bbox 1142 569 1374 623; x_wconf 75' lang='grc' dir='ltr'>βραδύποδες</span> <span class='ocrx_word' id='word_1_67' title='bbox 1405 578 1595 610; x_wconf 88' lang='lat' dir='ltr'>morantur</span> <span class='ocrx_word' id='word_1_68' title='bbox 1622 585 1779 610; x_wconf 87' lang='lat' dir='ltr'>currum.</span> 
     </span>
     <span class='ocr_line' id='line_1_8' title="bbox 218 635 1781 688; baseline -0.003 -9"><span class='ocrx_word' id='word_1_69' title='bbox 218 642 392 680; x_wconf 78' lang='lat' dir='ltr'>Caecilius</span> <span class='ocrx_word' id='word_1_70' title='bbox 427 646 566 677; x_wconf 56' lang='lat' dir='ltr'>nostrae</span> <span class='ocrx_word' id='word_1_71' title='bbox 601 651 723 676; x_wconf 77' lang='lat' dir='ltr'>causae</span> <span class='ocrx_word' id='word_1_72' title='bbox 754 639 922 688; x_wconf 89' lang='lat' dir='ltr'>impense</span> <span class='ocrx_word' id='word_1_73' title='bbox 953 637 1063 674; x_wconf 87' lang='lat' dir='ltr'>favet.</span> <span class='ocrx_word' id='word_1_74' title='bbox 1119 635 1298 685; x_wconf 84' lang='lat' dir='ltr'>Episcopi</span> <span class='ocrx_word' id='word_1_75' title='bbox 1332 635 1451 673; x_wconf 87' lang='lat' dir='ltr'>adhuc</span> <span class='ocrx_word' id='word_1_76' title='bbox 1479 637 1666 687; x_wconf 85' lang='lat' dir='ltr'>designati</span> <span class='ocrx_word' id='word_1_77' title='bbox 1699 642 1781 675; x_wconf 86' lang='lat' dir='ltr'>tan-</span> 
     </span>
     <span class='ocr_line' id='line_1_9' title="bbox 217 699 1778 753; baseline -0.003 -10"><span class='ocrx_word' id='word_1_78' title='bbox 217 713 294 743; x_wconf 90' lang='lat' dir='ltr'>tum</span> <span class='ocrx_word' id='word_1_79' title='bbox 330 710 435 742; x_wconf 87' lang='lat' dir='ltr'>sunt:</span> <span class='ocrx_word' id='word_1_80' title='bbox 473 704 620 740; x_wconf 86' lang='lat' dir='ltr'>interim</span> <span class='ocrx_word' id='word_1_81' title='bbox 652 703 790 753; x_wconf 57' lang='lat' dir='ltr'>praedia</span> <span class='ocrx_word' id='word_1_82' title='bbox 817 701 966 752; x_wconf 81' lang='lat' dir='ltr'>pulchre</span> <span class='ocrx_word' id='word_1_83' title='bbox 998 706 1137 750; x_wconf 78' lang='lat' dir='ltr'>augent</span> <span class='ocrx_word' id='word_1_84' title='bbox 1171 700 1314 737; x_wconf 87' lang='lat' dir='ltr'>fiscum.</span> <span class='ocrx_word' id='word_1_85' title='bbox 1368 699 1576 738; x_wconf 83' lang='lat' dir='ltr'>Academia</span> <span class='ocrx_word' id='word_1_86' title='bbox 1612 706 1778 751; x_wconf 87' lang='lat' dir='ltr'>utraque,</span> 
     </span>
     <span class='ocr_line' id='line_1_10' title="bbox 217 764 1781 819; baseline -0.003 -12"><span class='ocrx_word' id='word_1_87' title='bbox 217 775 255 807; x_wconf 88' lang='lat' dir='ltr'>et</span> <span class='ocrx_word' id='word_1_88' title='bbox 287 783 329 806; x_wconf 86' lang='lat' dir='ltr'>ea</span> <span class='ocrx_word' id='word_1_89' title='bbox 364 768 579 819; x_wconf 57' lang='lat' dir='ltr'>priesertim,</span> <span class='ocrx_word' id='word_1_90' title='bbox 622 780 732 817; x_wconf 86' lang='lat' dir='ltr'>quam</span> <span class='ocrx_word' id='word_1_91' title='bbox 769 772 809 803; x_wconf 90' lang='lat' dir='ltr'>tu</span> <span class='ocrx_word' id='word_1_92' title='bbox 843 780 919 803; x_wconf 93' lang='lat' dir='ltr'>non</span> <span class='ocrx_word' id='word_1_93' title='bbox 956 767 1007 803; x_wconf 87' lang='lat' dir='ltr'>ita</span> <span class='ocrx_word' id='word_1_94' title='bbox 1050 765 1190 815; x_wconf 78' lang='lat' dir='ltr'>pridem</span> <span class='ocrx_word' id='word_1_95' title='bbox 1227 764 1443 802; x_wconf 84' lang='lat' dir='ltr'>doctissime</span> <span class='ocrx_word' id='word_1_96' title='bbox 1480 772 1592 815; x_wconf 87' lang='lat' dir='ltr'>atque</span> <span class='ocrx_word' id='word_1_97' title='bbox 1640 765 1781 816; x_wconf 87' lang='lat' dir='ltr'>optime</span> 
     </span>
     <span class='ocr_line' id='line_1_11' title="bbox 215 829 1782 880; baseline -0.003 -9"><span class='ocrx_word' id='word_1_98' title='bbox 215 834 370 877; x_wconf 88' lang='lat' dir='ltr'>coluisti,</span> <span class='ocrx_word' id='word_1_99' title='bbox 401 832 601 869; x_wconf 86' lang='lat' dir='ltr'>miserrime</span> <span class='ocrx_word' id='word_1_100' title='bbox 633 844 732 868; x_wconf 88' lang='lat' dir='ltr'>nunc</span> <span class='ocrx_word' id='word_1_101' title='bbox 760 831 916 879; x_wconf 88' lang='lat' dir='ltr'>disjecta</span> <span class='ocrx_word' id='word_1_102' title='bbox 938 831 1040 879; x_wconf 86' lang='lat' dir='ltr'>jacet</span> <span class='ocrx_word' id='word_1_103' title='bbox 1066 829 1144 865; x_wconf 82' lang='lat' dir='ltr'>sine</span> <span class='ocrx_word' id='word_1_104' title='bbox 1177 829 1328 878; x_wconf 81' lang='lat' dir='ltr'>pietate,</span> <span class='ocrx_word' id='word_1_105' title='bbox 1359 830 1438 867; x_wconf 84' lang='lat' dir='ltr'>sine</span> <span class='ocrx_word' id='word_1_106' title='bbox 1467 830 1666 880; x_wconf 78' lang='lat' dir='ltr'>religione,</span> <span class='ocrx_word' id='word_1_107' title='bbox 1701 830 1782 867; x_wconf 79' lang='lat' dir='ltr'>sine</span> 
     </span>
     <span class='ocr_line' id='line_1_12' title="bbox 216 893 1781 946; baseline -0.003 -11"><span class='ocrx_word' id='word_1_108' title='bbox 216 899 379 941; x_wconf 89' lang='lat' dir='ltr'>doctore,</span> <span class='ocrx_word' id='word_1_109' title='bbox 409 896 487 932; x_wconf 77' lang='lat' dir='ltr'>sine</span> <span class='ocrx_word' id='word_1_110' title='bbox 519 909 583 946; x_wconf 91' lang='lat' dir='ltr'>spe</span> <span class='ocrx_word' id='word_1_111' title='bbox 610 895 683 932; x_wconf 90' lang='lat' dir='ltr'>ulla</span> <span class='ocrx_word' id='word_1_112' title='bbox 712 895 910 931; x_wconf 87' lang='lat' dir='ltr'>literarum.</span> <span class='ocrx_word' id='word_1_113' title='bbox 974 893 1083 931; x_wconf 69' lang='lat' dir='ltr'>Multi</span> <span class='ocrx_word' id='word_1_114' title='bbox 1117 894 1161 930; x_wconf 88' lang='lat' dir='ltr'>de</span> <span class='ocrx_word' id='word_1_115' title='bbox 1193 899 1230 930; x_wconf 89' lang='lat' dir='ltr'>te</span> <span class='ocrx_word' id='word_1_116' title='bbox 1258 894 1430 943; x_wconf 79' lang='lat' dir='ltr'>cogitant</span> <span class='ocrx_word' id='word_1_117' title='bbox 1454 894 1619 943; x_wconf 84' lang='lat' dir='ltr'>primarii</span> <span class='ocrx_word' id='word_1_118' title='bbox 1647 900 1685 932; x_wconf 89' lang='lat' dir='ltr'>et</span> <span class='ocrx_word' id='word_1_119' title='bbox 1713 894 1781 931; x_wconf 88' lang='lat' dir='ltr'>tibi</span> 
     </span>
     <span class='ocr_line' id='line_1_13' title="bbox 217 958 1779 1010; baseline -0.002 -12"><span class='ocrx_word' id='word_1_120' title='bbox 217 975 289 999; x_wconf 90' lang='lat' dir='ltr'>non</span> <span class='ocrx_word' id='word_1_121' title='bbox 322 961 441 1010; x_wconf 78' lang='lat' dir='ltr'>ignoti</span> <span class='ocrx_word' id='word_1_122' title='bbox 468 960 547 1003; x_wconf 84' lang='lat' dir='ltr'>viri,</span> <span class='ocrx_word' id='word_1_123' title='bbox 576 966 614 997; x_wconf 84' lang='lat' dir='ltr'>et</span> <span class='ocrx_word' id='word_1_124' title='bbox 643 966 680 996; x_wconf 90' lang='lat' dir='ltr'>te</span> <span class='ocrx_word' id='word_1_125' title='bbox 705 960 823 1009; x_wconf 87' lang='lat' dir='ltr'>primo</span> <span class='ocrx_word' id='word_1_126' title='bbox 848 972 993 1009; x_wconf 87' lang='lat' dir='ltr'>quoque</span> <span class='ocrx_word' id='word_1_127' title='bbox 1021 965 1201 1008; x_wconf 83' lang='lat' dir='ltr'>tempore,</span> <span class='ocrx_word' id='word_1_128' title='bbox 1228 958 1288 995; x_wconf 88' lang='lat' dir='ltr'>vel</span> <span class='ocrx_word' id='word_1_129' title='bbox 1311 958 1436 995; x_wconf 84' lang='lat' dir='ltr'>invitis</span> <span class='ocrx_word' id='word_1_130' title='bbox 1465 958 1637 996; x_wconf 90' lang='lat' dir='ltr'>omnibus</span> <span class='ocrx_word' id='word_1_131' title='bbox 1661 958 1779 1008; x_wconf 82' lang='lat' dir='ltr'>Segu-</span> 
     </span>
     <span class='ocr_line' id='line_1_14' title="bbox 214 1022 1779 1075; baseline -0.002 -13"><span class='ocrx_word' id='word_1_132' title='bbox 214 1026 306 1069; x_wconf 77' lang='lat' dir='ltr'>leiiS,</span> <span class='ocrx_word' id='word_1_133' title='bbox 339 1024 552 1061; x_wconf 86' lang='lat' dir='ltr'>accersitum</span> <span class='ocrx_word' id='word_1_134' title='bbox 586 1024 750 1075; x_wconf 84' lang='lat' dir='ltr'>cupiunt.</span> <span class='ocrx_word' id='word_1_135' title='bbox 807 1024 891 1073; x_wconf 79' lang='lat' dir='ltr'>Ego</span> <span class='ocrx_word' id='word_1_136' title='bbox 921 1036 1019 1067; x_wconf 85' lang='lat' dir='ltr'>vero,</span> <span class='ocrx_word' id='word_1_137' title='bbox 1053 1023 1113 1073; x_wconf 89' lang='lat' dir='ltr'>qui</span> <span class='ocrx_word' id='word_1_138' title='bbox 1141 1023 1222 1067; x_wconf 86' lang='lat' dir='ltr'>tibi,</span> <span class='ocrx_word' id='word_1_139' title='bbox 1253 1022 1285 1059; x_wconf 86' lang='lat' dir='ltr'>si</span> <span class='ocrx_word' id='word_1_140' title='bbox 1317 1022 1396 1072; x_wconf 90' lang='lat' dir='ltr'>quis</span> <span class='ocrx_word' id='word_1_141' title='bbox 1428 1022 1523 1059; x_wconf 83' lang='lat' dir='ltr'>alius</span> <span class='ocrx_word' id='word_1_142' title='bbox 1554 1022 1779 1065; x_wconf 75' lang='lat' dir='ltr'>mortalium,</span> 
     </span>
     <span class='ocr_line' id='line_1_15' title="bbox 214 1087 1779 1138; baseline -0.001 -12"><span class='ocrx_word' id='word_1_143' title='bbox 214 1103 259 1126; x_wconf 74' lang='lat' dir='ltr'>ex</span> <span class='ocrx_word' id='word_1_144' title='bbox 291 1090 414 1126; x_wconf 89' lang='lat' dir='ltr'>animo</span> <span class='ocrx_word' id='word_1_145' title='bbox 449 1094 557 1138; x_wconf 87' lang='lat' dir='ltr'>atque</span> <span class='ocrx_word' id='word_1_146' title='bbox 594 1089 700 1126; x_wconf 90' lang='lat' dir='ltr'>unice</span> <span class='ocrx_word' id='word_1_147' title='bbox 737 1089 857 1138; x_wconf 90' lang='lat' dir='ltr'>cupio,</span> <span class='ocrx_word' id='word_1_148' title='bbox 892 1095 1021 1125; x_wconf 83' lang='lat' dir='ltr'>auctor</span> <span class='ocrx_word' id='word_1_149' title='bbox 1056 1101 1137 1125; x_wconf 88' lang='lat' dir='ltr'>sum</span> <span class='ocrx_word' id='word_1_150' title='bbox 1172 1093 1224 1131; x_wconf 78' lang='lat' dir='ltr'>ut,</span> <span class='ocrx_word' id='word_1_151' title='bbox 1261 1088 1291 1124; x_wconf 83' lang='lat' dir='ltr'>si</span> <span class='ocrx_word' id='word_1_152' title='bbox 1324 1087 1480 1131; x_wconf 86' lang='lat' dir='ltr'>voceris,</span> <span class='ocrx_word' id='word_1_153' title='bbox 1517 1087 1617 1138; x_wconf 92' lang='lat' dir='ltr'>quod</span> <span class='ocrx_word' id='word_1_154' title='bbox 1653 1093 1779 1124; x_wconf 87' lang='lat' dir='ltr'>tamen</span> 
     </span>
     <span class='ocr_line' id='line_1_16' title="bbox 214 1151 1777 1203; baseline -0.001 -14"><span class='ocrx_word' id='word_1_155' title='bbox 214 1154 309 1190; x_wconf 87' lang='lat' dir='ltr'>inter</span> <span class='ocrx_word' id='word_1_156' title='bbox 335 1155 404 1190; x_wconf 80' lang='lat' dir='ltr'>ista</span> <span class='ocrx_word' id='word_1_157' title='bbox 431 1166 531 1190; x_wconf 88' lang='lat' dir='ltr'>arma</span> <span class='ocrx_word' id='word_1_158' title='bbox 559 1153 719 1189; x_wconf 87' lang='lat' dir='ltr'>futurum</span> <span class='ocrx_word' id='word_1_159' title='bbox 744 1153 806 1190; x_wconf 87' lang='lat' dir='ltr'>vix</span> <span class='ocrx_word' id='word_1_160' title='bbox 830 1159 933 1203; x_wconf 80' lang='lat' dir='ltr'>puto,</span> <span class='ocrx_word' id='word_1_161' title='bbox 959 1159 1085 1190; x_wconf 90' lang='lat' dir='ltr'>tamen</span> <span class='ocrx_word' id='word_1_162' title='bbox 1110 1166 1157 1190; x_wconf 91' lang='lat' dir='ltr'>ne</span> <span class='ocrx_word' id='word_1_163' title='bbox 1185 1152 1274 1202; x_wconf 90' lang='lat' dir='ltr'>quid</span> <span class='ocrx_word' id='word_1_164' title='bbox 1301 1152 1526 1202; x_wconf 66' lang='lat' dir='ltr'>przecipites.</span> <span class='ocrx_word' id='word_1_165' title='bbox 1581 1151 1681 1189; x_wconf 89' lang='lat' dir='ltr'>Novi</span> <span class='ocrx_word' id='word_1_166' title='bbox 1704 1164 1777 1202; x_wconf 85' lang='lat' dir='ltr'>ego</span> 
     </span>
     <span class='ocr_line' id='line_1_17' title="bbox 212 1217 1776 1268; baseline -0.003 -13"><span class='ocrx_word' id='word_1_167' title='bbox 212 1219 440 1268; x_wconf 75' lang='lat' dir='ltr'>prudentiam</span> <span class='ocrx_word' id='word_1_168' title='bbox 475 1225 594 1264; x_wconf 83' lang='lat' dir='ltr'>tuam3</span> <span class='ocrx_word' id='word_1_169' title='bbox 632 1225 670 1256; x_wconf 86' lang='lat' dir='ltr'>et</span> <span class='ocrx_word' id='word_1_170' title='bbox 704 1225 744 1255; x_wconf 88' lang='lat' dir='ltr'>tu</span> <span class='ocrx_word' id='word_1_171' title='bbox 770 1219 944 1263; x_wconf 86' lang='lat' dir='ltr'>vicissim,</span> <span class='ocrx_word' id='word_1_172' title='bbox 977 1231 1097 1268; x_wconf 85' lang='lat' dir='ltr'>spero,</span> <span class='ocrx_word' id='word_1_173' title='bbox 1136 1217 1409 1254; x_wconf 84' lang='lat' dir='ltr'>observantiam</span> <span class='ocrx_word' id='word_1_174' title='bbox 1447 1230 1537 1267; x_wconf 82' lang='lat' dir='ltr'>erga</span> <span class='ocrx_word' id='word_1_175' title='bbox 1568 1222 1606 1254; x_wconf 85' lang='lat' dir='ltr'>te</span> <span class='ocrx_word' id='word_1_176' title='bbox 1641 1229 1776 1253; x_wconf 87' lang='lat' dir='ltr'>meam.</span> 
     </span>
     <span class='ocr_line' id='line_1_18' title="bbox 215 1280 1778 1333; baseline -0.002 -13"><span class='ocrx_word' id='word_1_177' title='bbox 215 1283 393 1333; x_wconf 87' lang='lat' dir='ltr'>Equidem</span> <span class='ocrx_word' id='word_1_178' title='bbox 426 1283 496 1320; x_wconf 88' lang='lat' dir='ltr'>hoe</span> <span class='ocrx_word' id='word_1_179' title='bbox 528 1296 676 1333; x_wconf 87' lang='lat' dir='ltr'>possum</span> <span class='ocrx_word' id='word_1_180' title='bbox 707 1297 788 1322; x_wconf 83' lang='lat' dir='ltr'>vere</span> <span class='ocrx_word' id='word_1_181' title='bbox 817 1284 1006 1327; x_wconf 86' lang='lat' dir='ltr'>affirmare,</span> <span class='ocrx_word' id='word_1_182' title='bbox 1038 1283 1222 1319; x_wconf 87' lang='lat' dir='ltr'>neminem</span> <span class='ocrx_word' id='word_1_183' title='bbox 1255 1295 1334 1319; x_wconf 89' lang='lat' dir='ltr'>esse</span> <span class='ocrx_word' id='word_1_184' title='bbox 1360 1281 1564 1326; x_wconf 87' lang='lat' dir='ltr'>hominem,</span> <span class='ocrx_word' id='word_1_185' title='bbox 1597 1280 1655 1318; x_wconf 85' lang='lat' dir='ltr'>cui</span> <span class='ocrx_word' id='word_1_186' title='bbox 1688 1293 1778 1318; x_wconf 88' lang='lat' dir='ltr'>con-</span> 
     </span>
     <span class='ocr_line' id='line_1_19' title="bbox 213 1347 1778 1398; baseline -0.001 -16"><span class='ocrx_word' id='word_1_187' title='bbox 213 1353 358 1396; x_wconf 82' lang='lat' dir='ltr'>spectus</span> <span class='ocrx_word' id='word_1_188' title='bbox 379 1353 461 1383; x_wconf 87' lang='lat' dir='ltr'>tuus</span> <span class='ocrx_word' id='word_1_189' title='bbox 475 1349 669 1397; x_wconf 88' lang='lat' dir='ltr'>jucundior</span> <span class='ocrx_word' id='word_1_190' title='bbox 687 1349 828 1385; x_wconf 84' lang='lat' dir='ltr'>futurus</span> <span class='ocrx_word' id='word_1_191' title='bbox 850 1349 909 1392; x_wconf 79' lang='lat' dir='ltr'>sit,</span> <span class='ocrx_word' id='word_1_192' title='bbox 936 1361 1045 1398; x_wconf 87' lang='lat' dir='ltr'>quam</span> <span class='ocrx_word' id='word_1_193' title='bbox 1064 1347 1167 1385; x_wconf 89' lang='lat' dir='ltr'>mihi.</span> <span class='ocrx_word' id='word_1_194' title='bbox 1223 1347 1367 1384; x_wconf 88' lang='lat' dir='ltr'>Tamen</span> <span class='ocrx_word' id='word_1_195' title='bbox 1383 1353 1425 1383; x_wconf 87' lang='lat' dir='ltr'>ut</span> <span class='ocrx_word' id='word_1_196' title='bbox 1443 1351 1530 1382; x_wconf 91' lang='lat' dir='ltr'>sunt</span> <span class='ocrx_word' id='word_1_197' title='bbox 1547 1358 1605 1382; x_wconf 89' lang='lat' dir='ltr'>res</span> <span class='ocrx_word' id='word_1_198' title='bbox 1624 1350 1778 1388; x_wconf 73' lang='lat' dir='ltr'>nostrae,</span> 
     </span>
     <span class='ocr_line' id='line_1_20' title="bbox 212 1409 1778 1463; baseline -0.001 -17"><span class='ocrx_word' id='word_1_199' title='bbox 212 1410 336 1456; x_wconf 76' lang='lat' dir='ltr'>fluxae,</span> <span class='ocrx_word' id='word_1_200' title='bbox 356 1412 517 1457; x_wconf 68' lang='lat' dir='ltr'>inem-tw,</span> <span class='ocrx_word' id='word_1_201' title='bbox 543 1413 743 1459; x_wconf 73' lang='lat' dir='ltr'>instabiles,</span> <span class='ocrx_word' id='word_1_202' title='bbox 764 1419 878 1463; x_wconf 88' lang='lat' dir='ltr'>utque</span> <span class='ocrx_word' id='word_1_203' title='bbox 907 1426 981 1450; x_wconf 92' lang='lat' dir='ltr'>uno</span> <span class='ocrx_word' id='word_1_204' title='bbox 1009 1413 1118 1449; x_wconf 78' lang='lat' dir='ltr'>verbo</span> <span class='ocrx_word' id='word_1_205' title='bbox 1142 1412 1274 1456; x_wconf 81' lang='lat' dir='ltr'>dicam,</span> <span class='ocrx_word' id='word_1_206' title='bbox 1304 1412 1491 1455; x_wconf 86' lang='lat' dir='ltr'>insulares,</span> <span class='ocrx_word' id='word_1_207' title='bbox 1512 1409 1632 1459; x_wconf 78' lang='lat' dir='ltr'>magis</span> <span class='ocrx_word' id='word_1_208' title='bbox 1650 1415 1687 1446; x_wconf 90' lang='lat' dir='ltr'>te</span> <span class='ocrx_word' id='word_1_209' title='bbox 1706 1409 1778 1446; x_wconf 81' lang='lat' dir='ltr'>sal-</span> 
     </span>
     <span class='ocr_line' id='line_1_21' title="bbox 213 1473 1779 1529; baseline 0 -19"><span class='ocrx_word' id='word_1_210' title='bbox 213 1488 296 1511; x_wconf 87' lang='lat' dir='ltr'>vum</span> <span class='ocrx_word' id='word_1_211' title='bbox 323 1476 443 1513; x_wconf 85' lang='lat' dir='ltr'>audire</span> <span class='ocrx_word' id='word_1_212' title='bbox 465 1478 655 1514; x_wconf 84' lang='lat' dir='ltr'>absentem</span> <span class='ocrx_word' id='word_1_213' title='bbox 682 1479 800 1529; x_wconf 70' lang='lat' dir='ltr'>cupio,</span> <span class='ocrx_word' id='word_1_214' title='bbox 832 1491 940 1528; x_wconf 83' lang='lat' dir='ltr'>quam</span> <span class='ocrx_word' id='word_1_215' title='bbox 967 1483 1189 1527; x_wconf 65' lang='lat' dir='ltr'>przesentem</span> <span class='ocrx_word' id='word_1_216' title='bbox 1217 1477 1341 1513; x_wconf 89' lang='lat' dir='ltr'>videre</span> <span class='ocrx_word' id='word_1_217' title='bbox 1364 1489 1448 1513; x_wconf 89' lang='lat' dir='ltr'>cum</span> <span class='ocrx_word' id='word_1_218' title='bbox 1473 1474 1648 1525; x_wconf 77' lang='lat' dir='ltr'>periculo.</span> <span class='ocrx_word' id='word_1_219' title='bbox 1704 1473 1779 1510; x_wconf 88' lang='lat' dir='ltr'>Sed</span> 
     </span>
     <span class='ocr_line' id='line_1_22' title="bbox 213 1538 1778 1592; baseline -0.001 -17"><span class='ocrx_word' id='word_1_220' title='bbox 213 1539 284 1576; x_wconf 88' lang='lat' dir='ltr'>ista</span> <span class='ocrx_word' id='word_1_221' title='bbox 312 1553 436 1588; x_wconf 86' lang='lat' dir='ltr'>parum</span> <span class='ocrx_word' id='word_1_222' title='bbox 466 1548 692 1591; x_wconf 76' lang='lat' dir='ltr'>opportune:</span> <span class='ocrx_word' id='word_1_223' title='bbox 728 1543 849 1579; x_wconf 82' lang='lat' dir='ltr'>literas</span> <span class='ocrx_word' id='word_1_224' title='bbox 878 1543 975 1579; x_wconf 89' lang='lat' dir='ltr'>enim</span> <span class='ocrx_word' id='word_1_225' title='bbox 1006 1542 1111 1579; x_wconf 82' lang='lat' dir='ltr'>silere</span> <span class='ocrx_word' id='word_1_226' title='bbox 1146 1555 1292 1592; x_wconf 59' lang='lat' dir='ltr'>aequum</span> <span class='ocrx_word' id='word_1_227' title='bbox 1325 1546 1382 1577; x_wconf 85' lang='lat' dir='ltr'>est</span> <span class='ocrx_word' id='word_1_228' title='bbox 1409 1540 1502 1576; x_wconf 90' lang='lat' dir='ltr'>inter</span> <span class='ocrx_word' id='word_1_229' title='bbox 1530 1552 1640 1576; x_wconf 82' lang='lat' dir='ltr'>arma.</span> <span class='ocrx_word' id='word_1_230' title='bbox 1696 1538 1778 1576; x_wconf 82' lang='lat' dir='ltr'>Nos</span> 
     </span>
     <span class='ocr_line' id='line_1_23' title="bbox 214 1605 1778 1655; baseline 0.001 -17"><span class='ocrx_word' id='word_1_231' title='bbox 214 1608 307 1639; x_wconf 81' lang='lat' dir='ltr'>terra</span> <span class='ocrx_word' id='word_1_232' title='bbox 333 1605 493 1654; x_wconf 80' lang='lat' dir='ltr'>marique</span> <span class='ocrx_word' id='word_1_233' title='bbox 514 1607 680 1655; x_wconf 85' lang='lat' dir='ltr'>juvamus</span> <span class='ocrx_word' id='word_1_234' title='bbox 705 1607 862 1644; x_wconf 87' lang='lat' dir='ltr'>vicinum</span> <span class='ocrx_word' id='word_1_235' title='bbox 885 1608 1048 1644; x_wconf 83' lang='lat' dir='ltr'>Scotum.</span> <span class='ocrx_word' id='word_1_236' title='bbox 1105 1606 1218 1644; x_wconf 89' lang='lat' dir='ltr'>Nosti</span> <span class='ocrx_word' id='word_1_237' title='bbox 1242 1607 1354 1651; x_wconf 89' lang='lat' dir='ltr'>enim,</span> <span class='ocrx_word' id='word_1_238' title='bbox 1375 1609 1457 1642; x_wconf 75' lang='lat' dir='ltr'>tum</span> <span class='ocrx_word' id='word_1_239' title='bbox 1477 1609 1546 1642; x_wconf 78' lang='lat' dir='ltr'>tua</span> <span class='ocrx_word' id='word_1_240' title='bbox 1572 1619 1627 1642; x_wconf 78' lang='lat' dir='ltr'>res</span> <span class='ocrx_word' id='word_1_241' title='bbox 1645 1607 1778 1654; x_wconf 76' lang='lat' dir='ltr'>agitur</span> 
     </span>
     <span class='ocr_line' id='line_1_24' title="bbox 211 1669 1777 1718; baseline 0.002 -16"><span class='ocrx_word' id='word_1_242' title='bbox 211 1669 337 1715; x_wconf 76' lang='lat' dir='ltr'>paries</span> <span class='ocrx_word' id='word_1_243' title='bbox 368 1682 451 1705; x_wconf 81' lang='lat' dir='ltr'>cnm</span> <span class='ocrx_word' id='word_1_244' title='bbox 486 1673 681 1718; x_wconf 65' lang='lat' dir='ltr'>proximus</span> <span class='ocrx_word' id='word_1_245' title='bbox 716 1674 833 1709; x_wconf 75' lang='lat' dir='ltr'>ardel.</span> <span class='ocrx_word' id='word_1_246' title='bbox 889 1672 1034 1708; x_wconf 87' lang='lat' dir='ltr'>Gallum</span> <span class='ocrx_word' id='word_1_247' title='bbox 1074 1671 1312 1708; x_wconf 86' lang='lat' dir='ltr'>adventurum</span> <span class='ocrx_word' id='word_1_248' title='bbox 1349 1670 1452 1707; x_wconf 82' lang='lat' dir='ltr'>aiunt</span> <span class='ocrx_word' id='word_1_249' title='bbox 1485 1683 1569 1707; x_wconf 91' lang='lat' dir='ltr'>cum</span> <span class='ocrx_word' id='word_1_250' title='bbox 1606 1669 1777 1707; x_wconf 80' lang='lat' dir='ltr'>omnibus</span> 
     </span>
     <span class='ocr_line' id='line_1_25' title="bbox 215 1732 1169 1786; baseline 0.009 -21"><span class='ocrx_word' id='word_1_251' title='bbox 215 1732 348 1780; x_wconf 84' lang='lat' dir='ltr'>copiis;</span> <span class='ocrx_word' id='word_1_252' title='bbox 387 1739 423 1769; x_wconf 89' lang='lat' dir='ltr'>et</span> <span class='ocrx_word' id='word_1_253' title='bbox 450 1734 601 1771; x_wconf 79' lang='lat' dir='ltr'>fortasse</span> <span class='ocrx_word' id='word_1_254' title='bbox 627 1749 701 1772; x_wconf 92' lang='lat' dir='ltr'>non</span> <span class='ocrx_word' id='word_1_255' title='bbox 730 1736 929 1773; x_wconf 85' lang='lat' dir='ltr'>minoribus</span> <span class='ocrx_word' id='word_1_256' title='bbox 957 1736 1169 1786; x_wconf 80' lang='lat' dir='ltr'>excipietur.</span> 
     </span>
    </p>

    <p class='ocr_par' dir='ltr' id='par_1_3' title="bbox 211 1796 1777 3006">
     <span class='ocr_line' id='line_1_26' title="bbox 293 1796 1775 1851; baseline 0.003 -20"><span class='ocrx_word' id='word_1_257' title='bbox 293 1796 444 1845; x_wconf 78' lang='lat' dir='ltr'>Scripsit</span> <span class='ocrx_word' id='word_1_258' title='bbox 474 1799 519 1835; x_wconf 86' lang='lat' dir='ltr'>ad</span> <span class='ocrx_word' id='word_1_259' title='bbox 552 1812 609 1835; x_wconf 87' lang='lat' dir='ltr'>me</span> <span class='ocrx_word' id='word_1_260' title='bbox 641 1813 754 1850; x_wconf 86' lang='lat' dir='ltr'>nuper</span> <span class='ocrx_word' id='word_1_261' title='bbox 787 1814 910 1837; x_wconf 89' lang='lat' dir='ltr'>comes</span> <span class='ocrx_word' id='word_1_262' title='bbox 939 1800 1103 1838; x_wconf 85' lang='lat' dir='ltr'>Critonis</span> <span class='ocrx_word' id='word_1_263' title='bbox 1136 1801 1190 1838; x_wconf 87' lang='lat' dir='ltr'>tui</span> <span class='ocrx_word' id='word_1_264' title='bbox 1221 1800 1437 1851; x_wconf 86' lang='lat' dir='ltr'>Pamphilus</span> <span class='ocrx_word' id='word_1_265' title='bbox 1470 1813 1489 1837; x_wconf 93' lang='lat' dir='ltr'>e</span> <span class='ocrx_word' id='word_1_266' title='bbox 1519 1799 1657 1844; x_wconf 81' lang='lat' dir='ltr'>Scotia,</span> <span class='ocrx_word' id='word_1_267' title='bbox 1691 1812 1775 1836; x_wconf 90' lang='lat' dir='ltr'>eum</span> 
     </span>
     <span class='ocr_line' id='line_1_27' title="bbox 213 1859 1777 1915; baseline 0.003 -21"><span class='ocrx_word' id='word_1_268' title='bbox 213 1859 292 1895; x_wconf 88' lang='lat' dir='ltr'>aliis</span> <span class='ocrx_word' id='word_1_269' title='bbox 317 1860 362 1897; x_wconf 88' lang='lat' dir='ltr'>de</span> <span class='ocrx_word' id='word_1_270' title='bbox 384 1862 503 1906; x_wconf 89' lang='lat' dir='ltr'>rebus,</span> <span class='ocrx_word' id='word_1_271' title='bbox 530 1870 607 1900; x_wconf 83' lang='lat' dir='ltr'>tum</span> <span class='ocrx_word' id='word_1_272' title='bbox 633 1871 671 1900; x_wconf 92' lang='lat' dir='ltr'>ut</span> <span class='ocrx_word' id='word_1_273' title='bbox 696 1866 741 1902; x_wconf 91' lang='lat' dir='ltr'>de</span> <span class='ocrx_word' id='word_1_274' title='bbox 766 1865 989 1902; x_wconf 84' lang='lat' dir='ltr'>Frenshamo</span> <span class='ocrx_word' id='word_1_275' title='bbox 1014 1871 1142 1902; x_wconf 85' lang='lat' dir='ltr'>nostro</span> <span class='ocrx_word' id='word_1_276' title='bbox 1169 1865 1296 1902; x_wconf 91' lang='lat' dir='ltr'>nescio</span> <span class='ocrx_word' id='word_1_277' title='bbox 1323 1865 1423 1915; x_wconf 88' lang='lat' dir='ltr'>quid,</span> <span class='ocrx_word' id='word_1_278' title='bbox 1451 1864 1588 1914; x_wconf 89' lang='lat' dir='ltr'>(neque</span> <span class='ocrx_word' id='word_1_279' title='bbox 1611 1862 1707 1900; x_wconf 88' lang='lat' dir='ltr'>enim</span> <span class='ocrx_word' id='word_1_280' title='bbox 1738 1862 1777 1899; x_wconf 91' lang='lat' dir='ltr'>id</span> 
     </span>
     <span class='ocr_line' id='line_1_28' title="bbox 214 1925 1776 1976; baseline 0.003 -18"><span class='ocrx_word' id='word_1_281' title='bbox 214 1928 338 1972; x_wconf 80' lang='lat' dir='ltr'>aperte</span> <span class='ocrx_word' id='word_1_282' title='bbox 375 1925 550 1976; x_wconf 86' lang='lat' dir='ltr'>scripsit,)</span> <span class='ocrx_word' id='word_1_283' title='bbox 581 1928 625 1965; x_wconf 85' lang='lat' dir='ltr'>ad</span> <span class='ocrx_word' id='word_1_284' title='bbox 652 1935 689 1966; x_wconf 86' lang='lat' dir='ltr'>te</span> <span class='ocrx_word' id='word_1_285' title='bbox 718 1930 924 1967; x_wconf 84' lang='lat' dir='ltr'>scriberem.</span> <span class='ocrx_word' id='word_1_286' title='bbox 979 1930 1088 1967; x_wconf 67' lang='lat' dir='ltr'>Visus</span> <span class='ocrx_word' id='word_1_287' title='bbox 1113 1936 1238 1967; x_wconf 84' lang='lat' dir='ltr'>tamen</span> <span class='ocrx_word' id='word_1_288' title='bbox 1270 1929 1364 1966; x_wconf 88' lang='lat' dir='ltr'>mihi</span> <span class='ocrx_word' id='word_1_289' title='bbox 1393 1935 1450 1966; x_wconf 86' lang='lat' dir='ltr'>est</span> <span class='ocrx_word' id='word_1_290' title='bbox 1480 1929 1525 1965; x_wconf 89' lang='lat' dir='ltr'>de</span> <span class='ocrx_word' id='word_1_291' title='bbox 1551 1933 1776 1965; x_wconf 82' lang='lat' dir='ltr'>testamento</span> 
     </span>
     <span class='ocr_line' id='line_1_29' title="bbox 214 1986 1776 2045; baseline 0.003 -23"><span class='ocrx_word' id='word_1_292' title='bbox 214 1986 422 2025; x_wconf 84' lang='lat' dir='ltr'>Frenshami</span> <span class='ocrx_word' id='word_1_293' title='bbox 461 1992 614 2029; x_wconf 82' lang='lat' dir='ltr'>scribere</span> <span class='ocrx_word' id='word_1_294' title='bbox 647 1994 782 2044; x_wconf 85' lang='lat' dir='ltr'>aliquid</span> <span class='ocrx_word' id='word_1_295' title='bbox 819 1995 996 2031; x_wconf 75' lang='lat' dir='ltr'>voluisse:</span> <span class='ocrx_word' id='word_1_296' title='bbox 1036 1995 1080 2031; x_wconf 81' lang='lat' dir='ltr'>de</span> <span class='ocrx_word' id='word_1_297' title='bbox 1113 2008 1186 2045; x_wconf 86' lang='lat' dir='ltr'>quo</span> <span class='ocrx_word' id='word_1_298' title='bbox 1224 1994 1312 2044; x_wconf 89' lang='lat' dir='ltr'>quid</span> <span class='ocrx_word' id='word_1_299' title='bbox 1345 2000 1467 2031; x_wconf 85' lang='lat' dir='ltr'>actum</span> <span class='ocrx_word' id='word_1_300' title='bbox 1506 1993 1565 2038; x_wconf 87' lang='lat' dir='ltr'>sit,</span> <span class='ocrx_word' id='word_1_301' title='bbox 1598 1991 1776 2029; x_wconf 83' lang='lat' dir='ltr'>hactenus</span> 
     </span>
     <span class='ocr_line' id='line_1_30' title="bbox 213 2052 1776 2108; baseline 0.004 -22"><span class='ocrx_word' id='word_1_302' title='bbox 213 2052 349 2089; x_wconf 88' lang='lat' dir='ltr'>nescio.</span> <span class='ocrx_word' id='word_1_303' title='bbox 404 2052 480 2090; x_wconf 85' lang='lat' dir='ltr'>Oro</span> <span class='ocrx_word' id='word_1_304' title='bbox 513 2062 634 2093; x_wconf 87' lang='lat' dir='ltr'>tamen</span> <span class='ocrx_word' id='word_1_305' title='bbox 665 2064 714 2103; x_wconf 87' lang='lat' dir='ltr'>te,</span> <span class='ocrx_word' id='word_1_306' title='bbox 742 2058 914 2108; x_wconf 86' lang='lat' dir='ltr'>quoniam</span> <span class='ocrx_word' id='word_1_307' title='bbox 942 2072 1051 2095; x_wconf 90' lang='lat' dir='ltr'>nemo</span> <span class='ocrx_word' id='word_1_308' title='bbox 1079 2058 1187 2095; x_wconf 86' lang='lat' dir='ltr'>isthic</span> <span class='ocrx_word' id='word_1_309' title='bbox 1215 2065 1271 2095; x_wconf 90' lang='lat' dir='ltr'>est</span> <span class='ocrx_word' id='word_1_310' title='bbox 1297 2058 1400 2103; x_wconf 87' lang='lat' dir='ltr'>alius,</span> <span class='ocrx_word' id='word_1_311' title='bbox 1429 2058 1489 2095; x_wconf 87' lang='lat' dir='ltr'>cui</span> <span class='ocrx_word' id='word_1_312' title='bbox 1516 2057 1658 2107; x_wconf 90' lang='lat' dir='ltr'>possim</span> <span class='ocrx_word' id='word_1_313' title='bbox 1686 2055 1776 2093; x_wconf 86' lang='lat' dir='ltr'>satis</span> 
     </span>
     <span class='ocr_line' id='line_1_31' title="bbox 211 2116 1776 2172; baseline 0.005 -24"><span class='ocrx_word' id='word_1_314' title='bbox 211 2116 410 2152; x_wconf 73' lang='lat' dir='ltr'>verecunde</span> <span class='ocrx_word' id='word_1_315' title='bbox 447 2123 584 2156; x_wconf 82' lang='lat' dir='ltr'>tantum</span> <span class='ocrx_word' id='word_1_316' title='bbox 622 2122 813 2171; x_wconf 73' lang='lat' dir='ltr'>negotium</span> <span class='ocrx_word' id='word_1_317' title='bbox 850 2123 1051 2172; x_wconf 86' lang='lat' dir='ltr'>imponere,</span> <span class='ocrx_word' id='word_1_318' title='bbox 1090 2129 1130 2159; x_wconf 89' lang='lat' dir='ltr'>ut</span> <span class='ocrx_word' id='word_1_319' title='bbox 1162 2123 1252 2159; x_wconf 85' lang='lat' dir='ltr'>velis</span> <span class='ocrx_word' id='word_1_320' title='bbox 1284 2136 1362 2159; x_wconf 90' lang='lat' dir='ltr'>rem</span> <span class='ocrx_word' id='word_1_321' title='bbox 1396 2135 1477 2159; x_wconf 89' lang='lat' dir='ltr'>eam</span> <span class='ocrx_word' id='word_1_322' title='bbox 1509 2121 1577 2158; x_wconf 90' lang='lat' dir='ltr'>tibi</span> <span class='ocrx_word' id='word_1_323' title='bbox 1604 2120 1776 2171; x_wconf 90' lang='lat' dir='ltr'>Julioque</span> 
     </span>
     <span class='ocr_line' id='line_1_32' title="bbox 212 2183 1773 2236; baseline 0.006 -24"><span class='ocrx_word' id='word_1_324' title='bbox 212 2183 274 2213; x_wconf 81' lang='lat' dir='ltr'>tuo</span> <span class='ocrx_word' id='word_1_325' title='bbox 306 2192 386 2216; x_wconf 81' lang='lat' dir='ltr'>esse</span> <span class='ocrx_word' id='word_1_326' title='bbox 413 2194 521 2219; x_wconf 57' lang='lat' dir='ltr'>curie.</span> <span class='ocrx_word' id='word_1_327' title='bbox 578 2184 801 2223; x_wconf 80' lang='lat' dir='ltr'>Frcnshamo</span> <span class='ocrx_word' id='word_1_328' title='bbox 831 2192 953 2223; x_wconf 87' lang='lat' dir='ltr'>autem</span> <span class='ocrx_word' id='word_1_329' title='bbox 986 2193 1126 2230; x_wconf 70' lang='lat' dir='ltr'>nostro,</span> <span class='ocrx_word' id='word_1_330' title='bbox 1161 2188 1191 2224; x_wconf 91' lang='lat' dir='ltr'>si</span> <span class='ocrx_word' id='word_1_331' title='bbox 1222 2187 1339 2224; x_wconf 87' lang='lat' dir='ltr'>adhuc</span> <span class='ocrx_word' id='word_1_332' title='bbox 1372 2186 1475 2230; x_wconf 83' lang='lat' dir='ltr'>vivit,</span> <span class='ocrx_word' id='word_1_333' title='bbox 1512 2186 1622 2236; x_wconf 85' lang='lat' dir='ltr'>cupio</span> <span class='ocrx_word' id='word_1_334' title='bbox 1659 2185 1773 2222; x_wconf 87' lang='lat' dir='ltr'>bene:</span> 
     </span>
     <span class='ocr_line' id='line_1_33' title="bbox 212 2241 1776 2301; baseline 0.006 -25"><span class='ocrx_word' id='word_1_335' title='bbox 212 2241 267 2277; x_wconf 85' lang='lat' dir='ltr'>sin</span> <span class='ocrx_word' id='word_1_336' title='bbox 297 2249 431 2288; x_wconf 85' lang='lat' dir='ltr'>autem,</span> <span class='ocrx_word' id='word_1_337' title='bbox 461 2248 557 2296; x_wconf 88' lang='lat' dir='ltr'>quod</span> <span class='ocrx_word' id='word_1_338' title='bbox 583 2249 703 2298; x_wconf 71' lang='lat' dir='ltr'>magis</span> <span class='ocrx_word' id='word_1_339' title='bbox 738 2257 841 2299; x_wconf 87' lang='lat' dir='ltr'>puto,</span> <span class='ocrx_word' id='word_1_340' title='bbox 872 2251 1040 2301; x_wconf 86' lang='lat' dir='ltr'>quodque</span> <span class='ocrx_word' id='word_1_341' title='bbox 1078 2252 1124 2288; x_wconf 89' lang='lat' dir='ltr'>ad</span> <span class='ocrx_word' id='word_1_342' title='bbox 1150 2265 1220 2289; x_wconf 93' lang='lat' dir='ltr'>nos</span> <span class='ocrx_word' id='word_1_343' title='bbox 1247 2252 1359 2288; x_wconf 87' lang='lat' dir='ltr'>etiam</span> <span class='ocrx_word' id='word_1_344' title='bbox 1386 2251 1565 2294; x_wconf 85' lang='lat' dir='ltr'>scribitur,</span> <span class='ocrx_word' id='word_1_345' title='bbox 1593 2255 1650 2286; x_wconf 86' lang='lat' dir='ltr'>est</span> <span class='ocrx_word' id='word_1_346' title='bbox 1675 2262 1776 2286; x_wconf 75' lang='lat' dir='ltr'>mor-</span> 
     </span>
     <span class='ocr_line' id='line_1_34' title="bbox 213 2311 1776 2364; baseline 0.006 -24"><span class='ocrx_word' id='word_1_347' title='bbox 213 2311 305 2349; x_wconf 87' lang='lat' dir='ltr'>tuus,</span> <span class='ocrx_word' id='word_1_348' title='bbox 332 2321 436 2356; x_wconf 82' lang='lat' dir='ltr'>spero</span> <span class='ocrx_word' id='word_1_349' title='bbox 464 2324 541 2347; x_wconf 80' lang='lat' dir='ltr'>esse</span> <span class='ocrx_word' id='word_1_350' title='bbox 568 2312 670 2350; x_wconf 76' lang='lat' dir='ltr'>bene.</span> <span class='ocrx_word' id='word_1_351' title='bbox 726 2313 846 2351; x_wconf 86' lang='lat' dir='ltr'>Audio</span> <span class='ocrx_word' id='word_1_352' title='bbox 872 2316 1081 2364; x_wconf 83' lang='lat' dir='ltr'>pervenisse</span> <span class='ocrx_word' id='word_1_353' title='bbox 1111 2315 1319 2353; x_wconf 88' lang='lat' dir='ltr'>Londinum</span> <span class='ocrx_word' id='word_1_354' title='bbox 1348 2314 1563 2352; x_wconf 83' lang='lat' dir='ltr'>fasciculum</span> <span class='ocrx_word' id='word_1_355' title='bbox 1591 2313 1776 2364; x_wconf 87' lang='lat' dir='ltr'>quendam</span> 
     </span>
     <span class='ocr_line' id='line_1_35' title="bbox 212 2368 1775 2428; baseline 0.006 -25"><span class='ocrx_word' id='word_1_356' title='bbox 212 2368 379 2407; x_wconf 83' lang='lat' dir='ltr'>librorum</span> <span class='ocrx_word' id='word_1_357' title='bbox 411 2379 553 2411; x_wconf 87' lang='lat' dir='ltr'>tuorum</span> <span class='ocrx_word' id='word_1_358' title='bbox 583 2376 627 2412; x_wconf 87' lang='lat' dir='ltr'>de</span> <span class='ocrx_word' id='word_1_359' title='bbox 656 2377 763 2414; x_wconf 87' lang='lat' dir='ltr'>Votis</span> <span class='ocrx_word' id='word_1_360' title='bbox 790 2384 917 2415; x_wconf 83' lang='lat' dir='ltr'>contra</span> <span class='ocrx_word' id='word_1_361' title='bbox 946 2379 1152 2423; x_wconf 83' lang='lat' dir='ltr'>Smithum;</span> <span class='ocrx_word' id='word_1_362' title='bbox 1184 2386 1221 2417; x_wconf 86' lang='lat' dir='ltr'>et</span> <span class='ocrx_word' id='word_1_363' title='bbox 1246 2380 1284 2416; x_wconf 88' lang='lat' dir='ltr'>in</span> <span class='ocrx_word' id='word_1_364' title='bbox 1312 2379 1383 2416; x_wconf 90' lang='lat' dir='ltr'>illis</span> <span class='ocrx_word' id='word_1_365' title='bbox 1411 2392 1523 2416; x_wconf 89' lang='lat' dir='ltr'>unum</span> <span class='ocrx_word' id='word_1_366' title='bbox 1555 2391 1635 2415; x_wconf 92' lang='lat' dir='ltr'>esse</span> <span class='ocrx_word' id='word_1_367' title='bbox 1664 2390 1775 2428; x_wconf 87' lang='lat' dir='ltr'>quem</span> 
     </span>
     <span class='ocr_line' id='line_1_36' title="bbox 213 2434 1773 2493; baseline 0.006 -26"><span class='ocrx_word' id='word_1_368' title='bbox 213 2438 250 2467; x_wconf 81' lang='lat' dir='ltr'>lu</span> <span class='ocrx_word' id='word_1_369' title='bbox 282 2434 325 2470; x_wconf 84' lang='lat' dir='ltr'>ad</span> <span class='ocrx_word' id='word_1_370' title='bbox 357 2447 416 2471; x_wconf 86' lang='lat' dir='ltr'>me</span> <span class='ocrx_word' id='word_1_371' title='bbox 443 2438 585 2475; x_wconf 84' lang='lat' dir='ltr'>miseris</span> <span class='ocrx_word' id='word_1_372' title='bbox 616 2441 845 2478; x_wconf 84' lang='lat' dir='ltr'>nominatim.</span> <span class='ocrx_word' id='word_1_373' title='bbox 902 2443 1084 2493; x_wconf 83' lang='lat' dir='ltr'>Equidem</span> <span class='ocrx_word' id='word_1_374' title='bbox 1119 2445 1251 2481; x_wconf 90' lang='lat' dir='ltr'>librum</span> <span class='ocrx_word' id='word_1_375' title='bbox 1282 2445 1386 2481; x_wconf 87' lang='lat' dir='ltr'>illum</span> <span class='ocrx_word' id='word_1_376' title='bbox 1420 2443 1540 2480; x_wconf 84' lang='lat' dir='ltr'>adhuc</span> <span class='ocrx_word' id='word_1_377' title='bbox 1570 2455 1644 2478; x_wconf 92' lang='lat' dir='ltr'>non</span> <span class='ocrx_word' id='word_1_378' title='bbox 1676 2441 1773 2478; x_wconf 77' lang='lat' dir='ltr'>vicli:</span> 
     </span>
     <span class='ocr_line' id='line_1_37' title="bbox 213 2499 1775 2560; baseline 0.007 -30"><span class='ocrx_word' id='word_1_379' title='bbox 213 2509 310 2544; x_wconf 67' lang='lat' dir='ltr'>saepe</span> <span class='ocrx_word' id='word_1_380' title='bbox 339 2499 433 2535; x_wconf 77' lang='lat' dir='ltr'>enim</span> <span class='ocrx_word' id='word_1_381' title='bbox 464 2502 589 2539; x_wconf 87' lang='lat' dir='ltr'>absum</span> <span class='ocrx_word' id='word_1_382' title='bbox 620 2505 801 2550; x_wconf 89' lang='lat' dir='ltr'>Londino‚</span> <span class='ocrx_word' id='word_1_383' title='bbox 834 2513 871 2543; x_wconf 83' lang='lat' dir='ltr'>et</span> <span class='ocrx_word' id='word_1_384' title='bbox 902 2508 1057 2545; x_wconf 86' lang='lat' dir='ltr'>multum</span> <span class='ocrx_word' id='word_1_385' title='bbox 1092 2509 1268 2560; x_wconf 81' lang='lat' dir='ltr'>distineor</span> <span class='ocrx_word' id='word_1_386' title='bbox 1300 2508 1494 2545; x_wconf 82' lang='lat' dir='ltr'>laboribus.</span> <span class='ocrx_word' id='word_1_387' title='bbox 1550 2506 1659 2544; x_wconf 90' lang='lat' dir='ltr'>Nunc</span> <span class='ocrx_word' id='word_1_388' title='bbox 1696 2505 1775 2542; x_wconf 87' lang='lat' dir='ltr'>ubi-</span> 
     </span>
     <span class='ocr_line' id='line_1_38' title="bbox 213 2564 1774 2623; baseline -0.001 -15"><span class='ocrx_word' id='word_1_389' title='bbox 213 2572 352 2608; x_wconf 68' lang='lat' dir='ltr'>⁰¹¹¹¹¹l¹¹0</span> <span class='ocrx_word' id='word_1_390' title='bbox 371 2568 426 2598; x_wconf 68' lang='lat' dir='ltr'>ssS&#39;t</span> <span class='ocrx_word' id='word_1_391' title='bbox 452 2564 638 2603; x_wconf 84' lang='lat' dir='ltr'>odorabor.</span> <span class='ocrx_word' id='word_1_392' title='bbox 692 2569 774 2606; x_wconf 91' lang='lat' dir='ltr'>Tibi</span> <span class='ocrx_word' id='word_1_393' title='bbox 800 2584 883 2607; x_wconf 81' lang='lat' dir='ltr'>vero</span> <span class='ocrx_word' id='word_1_394' title='bbox 911 2572 1051 2609; x_wconf 87' lang='lat' dir='ltr'>interea</span> <span class='ocrx_word' id='word_1_395' title='bbox 1080 2586 1145 2623; x_wconf 88' lang='lat' dir='ltr'>pro</span> <span class='ocrx_word' id='word_1_396' title='bbox 1171 2586 1216 2610; x_wconf 86' lang='lat' dir='ltr'>eo</span> <span class='ocrx_word' id='word_1_397' title='bbox 1251 2587 1293 2611; x_wconf 92' lang='lat' dir='ltr'>ae</span> <span class='ocrx_word' id='word_1_398' title='bbox 1322 2574 1454 2617; x_wconf 87' lang='lat' dir='ltr'>debeo,</span> <span class='ocrx_word' id='word_1_399' title='bbox 1482 2584 1621 2623; x_wconf 88' lang='lat' dir='ltr'>proque</span> <span class='ocrx_word' id='word_1_400' title='bbox 1653 2583 1699 2607; x_wconf 90' lang='lat' dir='ltr'>eo</span> <span class='ocrx_word' id='word_1_401' title='bbox 1731 2584 1774 2607; x_wconf 81' lang='lat' dir='ltr'>ac.</span> 
     </span>
     <span class='ocr_line' id='line_1_39' title="bbox 213 2621 1775 2686; baseline 0.009 -30"><span class='ocrx_word' id='word_1_402' title='bbox 213 2621 416 2660; x_wconf 74' lang='lat' dir='ltr'>hmnanitas</span> <span class='ocrx_word' id='word_1_403' title='bbox 447 2633 509 2663; x_wconf 81' lang='lat' dir='ltr'>tua</span> <span class='ocrx_word' id='word_1_404' title='bbox 535 2632 706 2677; x_wconf 84' lang='lat' dir='ltr'>postulat,</span> <span class='ocrx_word' id='word_1_405' title='bbox 743 2647 815 2683; x_wconf 78' lang='lat' dir='ltr'>ago</span> <span class='ocrx_word' id='word_1_406' title='bbox 848 2635 1075 2673; x_wconf 86' lang='lat' dir='ltr'>immortales</span> <span class='ocrx_word' id='word_1_407' title='bbox 1109 2638 1260 2686; x_wconf 81' lang='lat' dir='ltr'>gratias.</span> <span class='ocrx_word' id='word_1_408' title='bbox 1317 2637 1416 2675; x_wconf 91' lang='lat' dir='ltr'>Nolo</span> <span class='ocrx_word' id='word_1_409' title='bbox 1450 2637 1497 2674; x_wconf 94' lang='lat' dir='ltr'>D.</span> <span class='ocrx_word' id='word_1_410' title='bbox 1531 2634 1775 2672; x_wconf 81' lang='lat' dir='ltr'>Bernardinus</span> 
     </span>
     <span class='ocr_line' id='line_1_40' title="bbox 216 2689 1776 2748; baseline 0.01 -28"><span class='ocrx_word' id='word_1_411' title='bbox 216 2699 272 2721; x_wconf 76' lang='lat' dir='ltr'>mc</span> <span class='ocrx_word' id='word_1_412' title='bbox 301 2689 354 2723; x_wconf 64' lang='lat' dir='ltr'>sui</span> <span class='ocrx_word' id='word_1_413' title='bbox 383 2690 535 2728; x_wconf 86' lang='lat' dir='ltr'>oblitum</span> <span class='ocrx_word' id='word_1_414' title='bbox 562 2700 674 2742; x_wconf 84' lang='lat' dir='ltr'>putet.</span> <span class='ocrx_word' id='word_1_415' title='bbox 730 2697 837 2734; x_wconf 85' lang='lat' dir='ltr'>Fides</span> <span class='ocrx_word' id='word_1_416' title='bbox 871 2699 1017 2748; x_wconf 87' lang='lat' dir='ltr'>quidem</span> <span class='ocrx_word' id='word_1_417' title='bbox 1050 2713 1133 2737; x_wconf 87' lang='lat' dir='ltr'>mea</span> <span class='ocrx_word' id='word_1_418' title='bbox 1160 2707 1197 2737; x_wconf 85' lang='lat' dir='ltr'>et</span> <span class='ocrx_word' id='word_1_419' title='bbox 1226 2701 1404 2738; x_wconf 86' lang='lat' dir='ltr'>industria</span> <span class='ocrx_word' id='word_1_420' title='bbox 1430 2714 1506 2738; x_wconf 88' lang='lat' dir='ltr'>non</span> <span class='ocrx_word' id='word_1_421' title='bbox 1534 2699 1672 2742; x_wconf 82' lang='lat' dir='ltr'>defuit;</span> <span class='ocrx_word' id='word_1_422' title='bbox 1710 2699 1776 2736; x_wconf 87' lang='lat' dir='ltr'>sed</span> 
     </span>
     <span class='ocr_line' id='line_1_41' title="bbox 214 2752 1776 2814; baseline 0.008 -28"><span class='ocrx_word' id='word_1_423' title='bbox 214 2752 333 2787; x_wconf 82' lang='lat' dir='ltr'>omnia</span> <span class='ocrx_word' id='word_1_424' title='bbox 363 2761 571 2800; x_wconf 74' lang='lat' dir='ltr'>quwruntur</span> <span class='ocrx_word' id='word_1_425' title='bbox 604 2765 640 2794; x_wconf 84' lang='lat' dir='ltr'>et</span> <span class='ocrx_word' id='word_1_426' title='bbox 668 2768 928 2798; x_wconf 78' lang='lat' dir='ltr'>conservantur</span> <span class='ocrx_word' id='word_1_427' title='bbox 961 2762 1031 2800; x_wconf 82' lang='lat' dir='ltr'>hoc.</span> <span class='ocrx_word' id='word_1_428' title='bbox 1063 2770 1227 2814; x_wconf 87' lang='lat' dir='ltr'>tempore</span> <span class='ocrx_word' id='word_1_429' title='bbox 1262 2766 1393 2802; x_wconf 89' lang='lat' dir='ltr'>alendo</span> <span class='ocrx_word' id='word_1_430' title='bbox 1422 2763 1546 2802; x_wconf 85' lang='lat' dir='ltr'>militi.</span> <span class='ocrx_word' id='word_1_431' title='bbox 1602 2762 1776 2812; x_wconf 83' lang='lat' dir='ltr'>Quinque</span> 
     </span>
     <span class='ocr_line' id='line_1_42' title="bbox 213 2818 1774 2878; baseline 0.008 -28"><span class='ocrx_word' id='word_1_432' title='bbox 213 2822 407 2852; x_wconf 82' lang='lat' dir='ltr'>coronatos</span> <span class='ocrx_word' id='word_1_433' title='bbox 451 2818 610 2865; x_wconf 84' lang='lat' dir='ltr'>Italicos,</span> <span class='ocrx_word' id='word_1_434' title='bbox 652 2837 742 2872; x_wconf 87' lang='lat' dir='ltr'>quos</span> <span class='ocrx_word' id='word_1_435' title='bbox 785 2825 862 2874; x_wconf 83' lang='lat' dir='ltr'>ejus</span> <span class='ocrx_word' id='word_1_436' title='bbox 904 2828 1052 2864; x_wconf 88' lang='lat' dir='ltr'>nomine</span> <span class='ocrx_word' id='word_1_437' title='bbox 1088 2829 1209 2878; x_wconf 88' lang='lat' dir='ltr'>recepi</span> <span class='ocrx_word' id='word_1_438' title='bbox 1246 2842 1268 2866; x_wconf 87' lang='lat' dir='ltr'>a</span> <span class='ocrx_word' id='word_1_439' title='bbox 1311 2828 1479 2866; x_wconf 84' lang='lat' dir='ltr'>Barthol.</span> <span class='ocrx_word' id='word_1_440' title='bbox 1536 2826 1774 2876; x_wconf 85' lang='lat' dir='ltr'>Compagno,</span> 
     </span>
     <span class='ocr_line' id='line_1_43' title="bbox 214 2879 1777 2941; baseline 0.008 -27"><span class='ocrx_word' id='word_1_441' title='bbox 214 2879 351 2915; x_wconf 77' lang='lat' dir='ltr'>reddidi</span> <span class='ocrx_word' id='word_1_442' title='bbox 391 2879 563 2919; x_wconf 79' lang='lat' dir='ltr'>Acontio.</span> <span class='ocrx_word' id='word_1_443' title='bbox 620 2886 726 2924; x_wconf 80' lang='lat' dir='ltr'>Nune</span> <span class='ocrx_word' id='word_1_444' title='bbox 764 2889 909 2937; x_wconf 67' lang='lat' dir='ltr'>agimus</span> <span class='ocrx_word' id='word_1_445' title='bbox 945 2891 989 2927; x_wconf 88' lang='lat' dir='ltr'>de</span> <span class='ocrx_word' id='word_1_446' title='bbox 1018 2892 1097 2941; x_wconf 84' lang='lat' dir='ltr'>ejus</span> <span class='ocrx_word' id='word_1_447' title='bbox 1127 2893 1367 2930; x_wconf 86' lang='lat' dir='ltr'>canonicatu:</span> <span class='ocrx_word' id='word_1_448' title='bbox 1408 2899 1445 2930; x_wconf 89' lang='lat' dir='ltr'>et</span> <span class='ocrx_word' id='word_1_449' title='bbox 1477 2892 1576 2929; x_wconf 89' lang='lat' dir='ltr'>bona</span> <span class='ocrx_word' id='word_1_450' title='bbox 1602 2904 1684 2941; x_wconf 88' lang='lat' dir='ltr'>spes</span> <span class='ocrx_word' id='word_1_451' title='bbox 1720 2896 1777 2927; x_wconf 82' lang='lat' dir='ltr'>est</span> 
     </span>
     <span class='ocr_line' id='line_1_44' title="bbox 213 2943 1774 3006; baseline 0.002 -18"><span class='ocrx_word' id='word_1_452' title='bbox 213 2953 322 2988; x_wconf 56' lang='lat' dir='ltr'>POSSC</span> <span class='ocrx_word' id='word_1_453' title='bbox 359 2943 552 2992; x_wconf 54' lang='lat' dir='ltr'>impetrari,</span> <span class='ocrx_word' id='word_1_454' title='bbox 610 2949 693 2999; x_wconf 74' lang='lat' dir='ltr'>Ego</span> <span class='ocrx_word' id='word_1_455' title='bbox 728 2951 826 2989; x_wconf 83' lang='lat' dir='ltr'>Julio</span> <span class='ocrx_word' id='word_1_456' title='bbox 860 2966 956 2997; x_wconf 84' lang='lat' dir='ltr'>meo,</span> <span class='ocrx_word' id='word_1_457' title='bbox 995 2955 1025 2991; x_wconf 89' lang='lat' dir='ltr'>si</span> <span class='ocrx_word' id='word_1_458' title='bbox 1061 2956 1105 2993; x_wconf 86' lang='lat' dir='ltr'>ad</span> <span class='ocrx_word' id='word_1_459' title='bbox 1141 2969 1207 2993; x_wconf 86' lang='lat' dir='ltr'>nos</span> <span class='ocrx_word' id='word_1_460' title='bbox 1239 2957 1392 3001; x_wconf 77' lang='lat' dir='ltr'>venerit,</span> <span class='ocrx_word' id='word_1_461' title='bbox 1427 2956 1553 2994; x_wconf 86' lang='lat' dir='ltr'>omnia</span> <span class='ocrx_word' id='word_1_462' title='bbox 1588 2954 1774 3006; x_wconf 86' lang='lat' dir='ltr'>polliceor.</span> 
     </span>
    </p>
   </div>
  </div>
 </body>
</html>
