1845 3233
204 158 253 199 11
261 158 288 198 8
740 168 958 195 EDMUNDUS
992 166 1240 193 GnmnALLUS
1621 152 1761 208 [amsr.

278 280 353 318 ΙΙΙ.
409 278 543 316 Omnia
570 279 632 316 illa
659 285 805 316 senatus
835 278 1016 321 consulta,
1047 277 1178 326 quibus
1208 277 1406 315 auctoritas
1439 289 1546 328 papae
1582 278 1763 316 anteactis

199 345 426 382 tenebrarum
459 343 688 394 temporibus
717 343 772 379 vel
805 341 1109 384 constituebatur,
1141 341 1198 378 vel
1231 342 1433 379 constituta
1465 341 1762 386 confirmabatur,

200 406 463 447 rescinduntur.

277 470 342 508 IV.
399 469 603 507 Coronatio
624 470 740 520 Regis
756 469 1009 513 confirmatur,
1029 473 1224 519 propterea
1239 471 1339 519 quod
1358 471 1516 521 Regina,
1535 475 1654 509 mater
1672 470 1762 520 ejus,

199 539 330 583 sponte
363 546 428 570 sua
465 533 658 583 imperium
691 534 920 583 deposuerat,
960 544 1118 582 eumque
1150 532 1188 569 in
1223 546 1350 583 regem
1386 535 1502 573 creari
1534 534 1650 572 literis
1686 534 1763 571 suis

197 597 444 635 mandaverat.
1183 638 1184 641 Ἰ

273 661 319 697 V.
375 661 422 698 D.
450 662 625 707 Jacobus,
658 662 839 699 Moraviae
873 675 1010 709 comes,
1041 664 1078 701 in
1110 664 1218 714 regni
1250 665 1307 714 (ut
1331 663 1546 714 loquuntur)
1571 667 1763 712 regentem

197 725 356 774 eligitur,
375 731 411 762 ct
434 725 486 762 illi
504 731 668 775 potestas
687 727 917 771 conceditur,
937 733 979 764 ut
998 728 1148 766 nomine
1168 729 1285 779 Regis
1302 727 1567 778 rempublicam
1587 727 1763 764 adminis—

197 794 280 833 tret,
298 789 524 840 imperetque
550 791 668 828 donec
688 791 770 832 Rex
794 791 875 842 ipse
901 791 948 828 ad
976 794 1021 828 17
1041 793 1166 829 aetatis
1190 806 1327 830 annum
1351 791 1577 842 pervenerit:
1608 791 1646 828 id
1664 791 1762 841 quod

195 853 306 890 etiam
321 853 474 903 jubente
495 855 642 904 Regina
658 862 696 892 et
714 868 892 892 annorum
911 869 1106 894 numerum
1125 857 1390 908 praescribente
1408 855 1546 892 factum
1566 861 1635 893 est.

276 917 341 955 VI.
397 917 567 956 Formula
591 918 831 968 jurisjurandi
849 920 1110 969 praescribitur,
1132 922 1230 971 quod
1248 921 1286 958 in
1305 926 1495 970 posterum
1513 931 1622 969 reges
1634 932 1762 956 omnes

196 982 433 1038 praestabunt,
450 996 494 1020 eo
511 996 584 1033 quo
603 988 772 1021 creantur
788 988 967 1033 tempore.
1017 985 1243 1022 Promittent
1262 984 1362 1021 enim
1378 989 1415 1020 et
1432 988 1559 1020 sancte
1574 983 1762 1033 jurabunt,

196 1059 235 1089 se
257 1058 323 1095 pro
341 1046 478 1083 viribus
503 1059 653 1097 operam
678 1046 840 1092 daturos,
861 1053 902 1085 ut
920 1047 1122 1086 christiana
1139 1049 1285 1099 religio,
1307 1061 1394 1098 quae
1418 1047 1528 1085 hodie
1553 1059 1618 1097 per
1640 1051 1762 1084 totum

194 1122 350 1160 regnum
368 1110 601 1160 praedicatur,
622 1112 763 1149 sincere
781 1111 995 1158 retineatur,
1015 1126 1107 1151 neve
1132 1113 1214 1151 ullis
1238 1112 1466 1164 papistarum
1485 1116 1762 1161 ceterorumque

196 1171 454 1219 liaereticorum
472 1175 742 1221 traditionibus,
762 1189 847 1226 quae
863 1176 978 1226 ipsius
996 1177 1146 1227 puritati
1163 1181 1386 1228 repugnant,
1406 1175 1691 1213 contaminetur.

270 1238 360 1275 VII.
417 1238 639 1279 Continetur
657 1240 750 1278 ratio
769 1241 1088 1279 concedendorum
1113 1241 1376 1279 beneficiorum
1396 1239 1466 1285 his,
1486 1239 1548 1290 qui
1566 1239 1762 1277 ministerii

195 1301 316 1339 officio
342 1301 447 1352 fungi
483 1302 629 1340 debent.
685 1304 746 1341 Illi
774 1305 885 1350 enim,
913 1305 963 1342 ad
986 1319 1078 1356 quos
1106 1311 1323 1356 patronatus
1339 1305 1401 1355 jus
1425 1302 1659 1341 haereditario
1678 1304 1760 1354 jure

194 1365 367 1416 pertinet,
385 1366 544 1417 aliquem
563 1367 730 1405 ecclesiae
749 1370 1086 1418 repraesentabunt,
1107 1383 1216 1420 quem
1235 1370 1266 1406 si
1285 1368 1442 1407 ecclesia
1467 1367 1639 1418 diligenti
1662 1367 1762 1405 facta

194 1429 468 1467 examinatione
488 1430 643 1481 dignum
662 1432 955 1481 deprehenderit,
976 1434 1167 1471 admittet:
1189 1434 1247 1471 sin
1266 1433 1401 1477 minus,
1416 1430 1573 1480 rejiciet,
1591 1438 1629 1469 et
1646 1431 1760 1469 alium

193 1492 256 1529 illo
274 1493 479 1542 digniorem
498 1495 545 1532 ad
564 1495 651 1532 illud
671 1496 833 1533 officium
851 1497 1001 1547 deliget.

271 1557 384 1595 VIII.
441 1558 485 1595 In
516 1559 672 1609 judices,
702 1560 853 1605 scribas,
882 1561 1059 1609 notarios,
1087 1562 1254 1613 publicos
1282 1560 1520 1611 apparitores,
1548 1564 1585 1595 et
1612 1559 1760 1597 lictores

195 1621 286 1658 nulli
318 1622 517 1671 eliguntur,
549 1623 611 1674 qui
636 1637 714 1660 non
739 1624 839 1674 prius
869 1625 1090 1675 religionem
1121 1625 1361 1663 christianam
1392 1623 1546 1674 professi
1571 1623 1718 1661 fuerint.

273 1685 341 1722 IX.
365 1679 367 1681 ¹
395 1687 532 1724 Tertiae
569 1687 793 1725 decimarum
828 1688 916 1726 solis
952 1689 1052 1726 verbi
1088 1690 1160 1727 Dei
1199 1688 1376 1726 ministris
1414 1687 1603 1724 solvuntur
1629 1686 1761 1724 tantis-

194 1762 259 1798 per
275 1749 373 1795 dum,
390 1751 633 1788 morientibus
658 1752 843 1790 veteribus
863 1753 1128 1791 beneficiorum
1146 1752 1436 1804 possessoribus,
1456 1750 1648 1788 beneficiis
1666 1751 1758 1802 ipsis

196 1813 234 1849 in
254 1813 410 1850 solidum
428 1814 498 1852 frui
516 1815 670 1865 possint.

270 1878 319 1916 X.
374 1878 435 1917 Ad
464 1879 728 1917 instituendam
757 1881 990 1931 juventutem
1023 1881 1062 1918 in
1095 1880 1203 1918 bonis
1234 1879 1350 1918 literis
1378 1884 1416 1916 et
1448 1878 1610 1917 moribus
1646 1891 1757 1916 nemo

196 1941 295 1992 prius
322 1943 540 1989 admittitur,
568 1957 677 1995 quam
706 1945 878 1995 religioni
907 1945 1173 1995 subscripserit.

273 2006 344 2044 XI.
400 2007 585 2045 Ministris
610 2013 774 2059 potestas
793 2009 1022 2055 conceditur,
1042 2015 1083 2046 ut
1108 2009 1258 2047 verbum
1278 2007 1351 2045 Dei
1377 2007 1519 2044 sincere
1544 2005 1759 2057 praedicent,

196 2077 424 2109 sacramenta
441 2072 698 2110 administrent
718 2073 896 2123 legitime,
911 2079 948 2111 et
961 2073 1051 2111 vitia
1069 2087 1112 2111 ac
1131 2078 1322 2123 corruptos
1340 2071 1468 2123 populi
1485 2083 1608 2108 mores
1628 2070 1762 2109 acriter

196 2134 414 2184 vituperent.

274 2198 369 2236 XII.
424 2200 576 2238 Patroni
595 2214 720 2238 eorum
745 2201 1020 2246 beneficiorum,
1047 2201 1177 2252 quibus
1203 2200 1302 2251 prius
1322 2199 1518 2238 sacrificuli
1535 2199 1574 2236 in
1592 2199 1760 2249 collegiis

199 2262 421 2309 fruebantur,
440 2271 598 2314 possunt
623 2266 750 2302 eadem
775 2279 873 2303 nunc
901 2271 1116 2304 convertere
1142 2265 1189 2302 ad
1217 2277 1280 2301 eos
1305 2264 1468 2308 alendos,
1490 2276 1581 2314 quos
1606 2263 1759 2314 vulgato

198 2327 346 2364 nomine
369 2327 564 2366 Bursarios
582 2329 751 2374 dicimus,
773 2330 811 2366 in
837 2342 991 2380 quorum
1013 2341 1208 2367 numerum
1236 2328 1325 2378 eligi
1347 2329 1469 2366 solent
1490 2328 1659 2378 juvenes,
1682 2327 1758 2378 qui,

199 2390 328 2427 amicis
356 2396 393 2427 et
420 2391 653 2429 facultatibus
680 2393 857 2438 destituti,
887 2405 1039 2443 operam
1067 2393 1183 2430 literis
1211 2392 1316 2430 aliter
1341 2392 1425 2430 dare
1452 2404 1529 2429 non
1556 2398 1728 2441 possunt.

276 2454 390 2491 XIII.
446 2455 564 2492 Poena
595 2456 634 2492 in
660 2456 899 2494 fornicatores
929 2457 1112 2494 statuitur.
1168 2456 1266 2494 Nam
1302 2455 1419 2507 prima
1453 2455 1533 2492 vice
1571 2458 1619 2491 SO
1652 2455 1761 2493 libras

200 2517 356 2561 solvunt,
377 2523 440 2554 aut
455 2522 477 2554 S
493 2519 633 2556 dierum
653 2520 772 2569 spatio
792 2521 994 2558 carceribus
1012 2521 1247 2565 mandantur,
1263 2521 1325 2557 ubi
1345 2520 1424 2558 solo
1443 2533 1538 2571 pane
1556 2525 1593 2556 et
1607 2519 1761 2557 cervisia

201 2580 414 2618 tenuissima
441 2588 649 2631 pascuntur.
704 2583 852 2628 Postea,
882 2597 993 2634 quum
1020 2584 1165 2634 publice
1193 2583 1373 2621 habentur
1399 2584 1588 2628 nundinae,
1614 2583 1652 2619 in
1675 2582 1759 2619 loco

202 2643 441 2681 eminentiore
469 2646 755 2692 constituuntur,
785 2653 827 2683 ut
857 2648 903 2684 ab
936 2648 1107 2685 omnibus
1138 2648 1246 2685 facile
1279 2638 1441 2698 conspici
1468 2647 1625 2697 possint.
1683 2646 1759 2684 Hic

204 2712 353 2742 manent
370 2708 414 2744 ab
439 2707 530 2746 hora
548 2710 691 2747 decima
715 2711 753 2747 in
779 2710 1048 2756 duodecimam,
1076 2711 1232 2750 detectis
1251 2711 1451 2762 capitibus,
1471 2711 1597 2748 ferreis
1616 2710 1761 2748 circulis

201 2767 357 2817 religati.
404 2770 570 2809 Secunda
584 2773 661 2810 vice
683 2775 755 2810 130
776 2774 884 2811 libras
905 2775 1065 2821 solvunt,
1085 2780 1149 2812 aut
1171 2777 1217 2811 16
1237 2775 1316 2812 dies
1331 2773 1467 2811 carceri
1481 2773 1757 2823 mancipantur;

202 2831 308 2881 panis
327 2838 364 2868 et
382 2846 477 2882 aqua.
501 2847 566 2884 pro
591 2836 684 2874 cibo.
740 2837 876 2874 Postea
899 2838 939 2875 in
963 2839 1120 2888 publicis
1147 2838 1337 2881 nundinis,
1362 2843 1402 2874 ut
1426 2837 1539 2887 prius,
1565 2836 1759 2887 spectandi

203 2895 338 2950 populo
364 2903 627 2946 proponuntur,
654 2900 706 2937 ita
729 2905 853 2952 tamen
879 2907 920 2938 ut
942 2915 1023 2939 rasa
1047 2902 1121 2939 sint
1147 2914 1271 2939 eorum
1298 2901 1432 2950 capita.
1486 2900 1609 2938 Tertia
1635 2906 1759 2938 autem

201 2957 346 2995 solvunt
371 2959 446 2995 200
472 2959 592 3006 libras,
617 2968 681 2999 aut
701 2963 887 3013 triplicato
911 2964 1049 3002 dierum
1071 2965 1190 3015 spatio
1215 2964 1497 3002 incarcerantur.
1551 2964 1609 3002 Eo
1633 2953 1758 3002 autem
