1845 3233
139 146 194 186 44·
470 155 632 182 ‘rHOMAs
663 153 844 179 SAMPsox
876 152 931 176 AD
967 151 1131 176 PETRUM
1163 150 1405 176 MARTYREM.
1566 133 1708 194 [EPIST-

647 344 945 387 EPISTOLA
982 343 1196 385 XXXII.

364 523 564 555 THOMAS
596 520 819 552 SAMPSON
847 520 915 550 AD
946 520 1148 551 PETRUM
1176 520 1472 552 MARTYREM.

210 605 295 642 JAM
336 604 485 641 tandem
525 617 591 654 per
622 603 694 641 Dei
730 601 889 652 gratiam
926 601 1070 638 solutus
1106 602 1202 639 curis
1240 602 1523 653 episcopalibus,
1560 601 1709 640 liberius

134 669 244 706 solito
277 681 428 718 possum
465 674 589 705 tecum
622 680 746 716 agere,
777 672 882 716 pater
912 665 964 702 mi
1001 666 1275 704 colendissime.
1331 667 1391 705 Ne
1424 673 1547 704 autem
1581 666 1709 704 existi-

133 746 250 770 mares
275 746 334 769 me
359 732 583 783 explicatum
610 744 695 768 meo
718 730 824 774 vitio,
856 735 974 767 totam
1005 730 1074 767 tibi
1096 744 1282 768 narrarem
1308 730 1516 776 historiam,
1540 731 1613 769 nisi
1635 730 1708 768 hoc

132 797 308 847 temporis
329 796 506 846 angustia
529 795 739 846 impediret,
764 794 923 832 taedium
948 794 1189 840 dissuaderet,
1217 802 1256 832 et
1284 795 1356 832 alia
1375 795 1556 833 nonnulla
1582 801 1708 833 vetare

132 862 348 898 viderentur.
405 860 560 898 Interim
590 866 714 896 tamen
742 858 814 896 1106
840 872 863 895 a
886 864 924 896 te
951 864 1053 909 pete,
1083 872 1131 896 ne
1159 859 1275 897 cuivis
1298 859 1471 897 referenti
1493 859 1577 897 haec
1597 859 1707 897 facile

133 926 279 963 credas:
313 938 433 975 neque
462 925 562 961 enim
589 937 717 961 omnes
747 928 896 968 norunt,
923 923 1110 973 quomodo
1139 937 1198 961 res
1230 929 1313 961 acta
1337 923 1398 968 sit,
1428 923 1491 974 qui
1522 923 1635 961 libere
1661 924 1708 960 de

133 1003 176 1026 ea
203 989 303 1039 loqui
330 989 468 1026 volunt.
526 988 577 1025 Et
607 988 720 1038 aliqui
748 988 861 1025 etiam
889 987 1009 1025 adhuc
1033 988 1100 1031 tui,
1132 988 1320 1038 quondam
1350 988 1426 1025 mei
1455 1001 1614 1038 quoque,
1645 988 1708 1039 qui

132 1055 210 1104 plus
229 1059 366 1091 norunt
385 1053 455 1103 ipsi
475 1066 585 1103 quam
608 1065 721 1090 nosse
740 1065 800 1089 me
821 1053 973 1097 vellent,
999 1052 1124 1090 forsan
1146 1052 1309 1090 referent
1331 1052 1444 1090 etiam
1470 1052 1591 1090 minus
1611 1065 1706 1096 vera,

132 1120 161 1156 si
190 1118 277 1169 quid
304 1117 473 1155 referant.
543 1116 631 1154 Non
660 1130 733 1167 ego
766 1115 851 1153 haec
880 1117 1015 1161 scribo,
1043 1116 1099 1154 vel
1130 1129 1253 1154 meam
1289 1123 1427 1154 sortem
1460 1117 1519 1154 vel
1551 1116 1705 1154 aliorum

131 1183 301 1233 injuriam
335 1181 518 1218 deflendo.
582 1180 648 1219 Nil
676 1181 751 1218 tale
776 1180 907 1231 patior.
967 1181 1041 1218 Sed
1070 1180 1142 1219 hoc
1172 1181 1280 1218 volo:
1315 1187 1419 1218 tuum
1445 1181 1627 1231 judicium
1658 1194 1707 1218 116

130 1248 204 1284 cito
232 1246 378 1292 feratur,
410 1259 493 1283 cum
523 1244 594 1283 1106
624 1244 784 1283 audieris
812 1245 1023 1295 negotium,
1052 1258 1168 1296 usque
1197 1245 1285 1282 dum
1314 1251 1436 1282 totum
1469 1245 1645 1290 audieris,
1676 1245 1705 1282 si

130 1318 255 1348 tamen
273 1310 471 1361 aliquando
490 1309 616 1347 audire
640 1309 795 1346 dabitur.
851 1309 1006 1355 Omnes,
1027 1309 1065 1346 ni
1084 1309 1202 1355 fallor,
1222 1309 1349 1347 literas
1381 1315 1463 1346 tuas
1492 1309 1634 1359 accepi,
1670 1315 1707 1345 et

131 1376 268 1425 gratias
298 1375 367 1412 tibi
396 1387 505 1425 quam
534 1373 717 1411 maximas
746 1387 835 1424 ago,
866 1373 963 1424 quod
997 1373 1050 1410 ita
1081 1386 1143 1410 me
1178 1374 1225 1410 ad
1252 1387 1328 1411 rem
1362 1374 1601 1411 instruxeras.
1657 1373 1708 1410 Et

131 1440 284 1477 omnino
302 1440 532 1476 decreveram
552 1451 644 1475 sano
670 1444 735 1475 tuo
761 1444 798 1475 et
825 1438 873 1476 D.
897 1437 1109 1488 Bullingeri
1129 1438 1183 1475 uti
1209 1437 1379 1475 consilio.
1435 1437 1507 1474 Sed
1533 1450 1705 1474 165111111-

131 1517 240 1555 quam
269 1517 313 1541 60
342 1509 399 1540 651
425 1503 603 1553 perducta
625 1508 667 1540 ut
691 1503 738 1539 ad
760 1503 797 1539 id
822 1502 1003 1553 adigercr.
1060 1502 1171 1540 Nunc
1199 1502 1454 1552 episcopatum
1480 1501 1583 1538 illum
1608 1501 1707 1540 Nor-

130 1568 364 1605 doviccnsem
390 1572 489 1604 tenet
510 1574 636 1604 noster
660 1566 931 1611 Parkl1urst11s3
961 1573 998 1603 et
1019 1566 1071 1603 illi
1096 1566 1223 1603 onmia
1246 1565 1369 1603 felicia
1392 1571 1505 1617 opto:
1534 1571 1707 1616 optamus

131 1641 168 1670 et
193 1645 335 1670 omnes.
390 1631 558 1668 Periculo
585 1645 632 1669 ne
661 1632 778 1669 malus
809 1632 943 1682 aliquis
965 1644 1011 1668 eo
1038 1631 1220 1681 potiretur
1245 1630 1474 1681 episcopam,
1505 1630 1618 1681 probe
1651 1637 1707 1667 est

132 1698 278 1735 obviam
314 1697 416 1733 itum.
492 1696 576 1734 Deo
614 1696 758 1746 optimo
795 1696 961 1733 maximo
999 1695 1047 1732 sit
1081 1695 1185 1732 laus!
1254 1695 1342 1732 Una
1374 1694 1500 1739 etiam,
1534 1707 1617 1731 cum
1655 1694 1709 1731 ita

131 1763 190 1806 sit,
224 1773 319 1798 meae
345 1760 582 1810 ineptitudini
608 1760 748 1811 optime
780 1760 1004 1798 consultum.
1071 1759 1196 1804 Quam
1228 1772 1320 1808 ergo
1351 1758 1506 1796 referam
1539 1759 1706 1796 Domino

131 1827 215 1864 Deo
245 1825 414 1875 gratiam,
448 1824 508 1861 vix
538 1825 626 1862 5610.
678 1825 736 1863 Tu
770 1831 907 1870 autem,
937 1825 989 1862 mi
1021 1830 1138 1874 pater,
1173 1823 1296 1861 Deum
1326 1823 1447 1868 lauda,
1480 1829 1518 1860 et
1545 1836 1612 1874 pro
1645 1836 1706 1860 me

130 1902 233 1927 orare
255 1902 302 1926 ne
329 1902 465 1926 cesses.

207 1953 317 2004 Apud
341 1967 411 1991 nos
429 1954 560 2003 religio
579 1953 674 1991 sicut
692 1960 778 1991 ante
797 1953 921 2004 viget3
955 1958 992 1990 et
1009 1958 1050 1989 ut
1072 1952 1195 2002 magis
1218 1952 1351 1989 floreat
1368 1952 1416 1989 ad
1437 1952 1704 1998 maturitatem,

128 2031 267 2068 precor.
308 2018 422 2055 Bellis
451 2018 631 2068 implicari
660 2019 740 2069 jam
773 2017 984 2068 incipimus.
1047 2016 1237 2066 Dignetur
1270 2017 1456 2055 Dominus
1490 2030 1559 2055 nos
1592 2018 1705 2055 etiam

130 2082 311 2132 explicare
348 2083 394 2119 ad
427 2083 481 2119 sui
519 2083 681 2119 nominis
715 2082 896 2133 gloriam!
964 2081 1069 2119 Mala
1100 2081 1249 2131 quidem
1283 2087 1321 2117 et
1352 2082 1472 2119 multa
1507 2082 1704 2119 timemus:

130 2161 197 2185 1166
226 2146 422 2184 immerito.
473 2146 527 2184 At
554 2148 675 2184 bonus
705 2147 767 2184 ille
793 2152 899 2196 pater
927 2145 1263 2183 misericordiarum
1293 2146 1401 2184 nobis
1435 2151 1634 2191 succurrat,
1668 2152 1706 2183 et

129 2212 165 2248 in
195 2211 268 2248 suis
296 2210 596 2247 miserationibus
625 2216 752 2248 nostra
781 2210 974 2248 medeatur
1001 2210 1111 2247 mala.
1178 2210 1313 2247 Paucis
1342 2211 1438 2256 dico,
1470 2216 1618 2247 nostras
1647 2222 1705 2247 res

127 2275 300 2325 plurimas
325 2275 492 2311 omnium
516 2275 660 2325 piorum
687 2282 814 2325 petere
840 2275 1039 2312 orationes
1101 2274 1233 2324 Itaque
1259 2274 1396 2312 habeas
1423 2275 1604 2325 Angliam
1630 2274 1704 2311 tuis

129 2339 355 2376 orationibus
381 2339 796 2376 commendatissimam.

206 2403 309 2448 Vale,
337 2403 476 2452 optimc
502 2409 607 2453 pater
627 2410 664 2441 et
689 2404 952 2442 colendissime
973 2410 1193 2455 praeceptor.
1241 2404 1426 2442 Salutabis
1448 2416 1533 2441 meo
1552 2403 1704 2441 nomine

130 2480 238 2518 quam
271 2467 539 2504 officiosissime
576 2468 624 2505 D.
659 2468 929 2519 Bullingcrum,
968 2475 1070 2506 tuam
1107 2469 1237 2506 itidem
1276 2482 1431 2506 uxorem
1464 2481 1548 2506 cum
1585 2468 1702 2518 prole,

128 2532 267 2568 ι1111111111
290 2537 448 2582 tuosque
474 2543 618 2568 onmes.
674 2532 815 2570 Iterum
843 2533 938 2570 vale.
972 2535 1019 2570 13
1041 2533 1150 2579 Maii,
1174 2535 1285 2571 1560.

1075 2609 1189 2655 Tuus,

1219 2673 1305 2711 ΤΗ.
1337 2673 1596 2712 SAMPSON.

355 2737 615 2764 1NSCR1PT10.

217 2792 438 2829 Clarissimo
471 2794 553 2828 viro
582 2794 629 2829 D.
642 2793 688 2830 D.
718 2792 833 2830 Petro
862 2796 1051 2844 Mariyri,

281 2868 400 2892 sacrcc
419 2857 615 2904 theologice
630 2857 1014 2908 professoristdeliss.

443 2920 590 2969 Tigzcrz'.
