1845 3233
136 148 274 206 cv111.]
427 164 619 191 merianus
650 163 775 190 coxus
807 162 861 188 AD
893 161 1105 188 flmmeum
1138 159 1435 188 BULL1NGERUM.
1636 147 1718 189 165

216 280 303 330 Ego
334 292 407 317 una
438 285 564 317 tecum
597 279 636 316 in
668 279 836 317 Domino
867 278 1020 329 glorior,
1057 277 1158 328 quod
1191 290 1257 314 sua
1288 275 1544 314 munificentia
1579 289 1719 314 annum

134 357 251 395 agens
282 344 603 394 septuagesimum
637 349 810 394 quartum
846 343 986 380 viribus
1022 355 1098 379 non
1128 341 1322 387 destituor,
1356 353 1430 392 quo
1458 341 1580 379 minus
1611 340 1717 392 Spar-

133 415 224 453 tam,
256 421 367 459 quam
399 414 530 446 nactus
560 421 656 453 sum,
690 413 879 458 utcunque
911 419 1102 451 exornem,
1139 405 1211 443 nisi
1243 406 1343 456 quod
1374 418 1551 443 manuum
1579 411 1720 444 tremor

134 485 240 511 usum
275 472 459 510 scribendi
488 472 663 510 nonnihil
694 478 910 510 remoratur.
968 471 1130 509 Tantum
1159 483 1183 507 a
1208 469 1377 508 Domino
1402 483 1488 508 meo
1516 469 1718 515 contencio,

134 549 180 574 ne
218 537 255 574 in
292 537 486 575 functione
513 550 598 574 mea
633 536 891 586 langueseain,
920 534 988 572 sed
1018 548 1135 585 usque
1166 534 1213 571 ad
1245 540 1453 571 extremum
1489 534 1628 572 fabulae
1657 546 1718 571 ac-

133 608 212 639 tum
242 602 432 639 ardentior
464 602 629 639 evadam.
686 600 809 638 Doleo
836 606 873 637 te
904 600 1014 650 copia
1040 599 1216 636 librorum
1239 604 1388 635 tuorum
1413 598 1576 636 destitui.
1625 597 1717 636 Misi

133 666 180 702 ad
211 666 488 717 typographum
523 672 706 710 nostrum,
738 670 780 701 ut
814 664 861 701 ad
898 670 936 701 te
969 663 1200 701 transmittat
1233 661 1394 712 aliquid3
1435 663 1533 713 quod
1563 661 1720 700 fideliter

134 729 256 780 ipsum
283 737 548 780 praestaturum
575 742 656 767 esse
687 728 839 779 recipio,
869 728 943 765 nisi
975 740 1106 765 omnes
1129 726 1212 764 libri
1240 725 1378 763 fuerint
1406 726 1583 765 distracti.

216 792 330 838 Quod
359 795 404 832 de
430 795 561 833 'furcis
587 800 624 831 et
648 792 932 831 Turcizantibus
958 791 1099 837 scribis,
1127 790 1236 828 fateri
1259 795 1407 840 oportet
1427 803 1497 828 nos
1526 791 1564 828 in
1593 792 1718 830 seculo

134 871 294 909 nequam
313 859 449 904 vivere,
470 865 508 896 et
530 858 708 896 incidisse
724 857 764 894 in
786 863 959 908 tempora
982 857 1098 906 longe
1115 854 1442 906 periculosissima.
1488 855 1613 906 Atque
1632 855 1718 894 haec

134 935 193 960 res
211 935 295 960 cum
315 923 414 961 subit
438 923 583 960 animos
601 922 760 973 piorum,
784 920 1039 959 inscrutabilia
1057 919 1199 971 judicia
1226 919 1300 958 Dei
1321 919 1368 957 ad
1394 924 1584 970 stuporem
1602 933 1717 971 usque

134 986 374 1032 admirantur,
401 987 491 1038 quid
515 987 561 1024 de
590 986 662 1038 piis
690 985 855 1023 futurum
884 985 953 1022 sit:
988 990 1048 1022 tot
1076 984 1375 1022 Christianorum
1404 997 1523 1035 regna
1551 998 1574 1022 a
1599 984 1719 1022 Turca

132 1057 315 1102 occupata
339 1057 452 1102 atquc
479 1056 637 1096 vastata,
658 1056 696 1088 et
716 1051 797 1101 jam
816 1050 937 1100 ipsum
963 1048 1148 1099 capitibus
1173 1050 1311 1087 nostris
1328 1050 1549 1094 imminere3
1591 1048 1720 1087 Chris-

130 1114 317 1152 tianorum
345 1115 566 1166 religionem
592 1115 630 1152 in
657 1115 836 1165 angulum
856 1114 1057 1158 detrusam,
1079 1120 1119 1150 et
1136 1113 1294 1152 infinitis
1313 1114 1475 1153 dissidiis
1501 1118 1539 1150 et
1560 1118 1715 1151 conten-

131 1179 296 1216 tionibus
328 1179 527 1217 dissectam
557 1186 595 1217 et
625 1179 891 1223 dilaceratam3
923 1178 1084 1229 denique
1109 1179 1429 1229 persecutionibus
1453 1177 1718 1215 crudelissimis

129 1243 355 1294 papistarum
389 1245 528 1295 passim
562 1244 792 1295 exagitatam
825 1249 864 1281 et
894 1248 1079 1281 vexatam.
1150 1244 1273 1292 Super
1303 1245 1423 1281 tribus
1454 1243 1651 1279 sceleribus
1681 1245 1715 1279 et

129 1312 296 1356 ‹Inatuor
320 1322 399 1346 non
419 1312 605 1346 convertet
628 1310 826 1346 Dominus.
882 1307 1016 1345 Timeo
1036 1307 1150 1344 etiam
1169 1306 1420 1352 vehementer,
1443 1319 1552 1358 quem
1573 1305 1714 1343 exitum

126 1371 312 1410 habiturae
347 1373 422 1410 sint
447 1372 760 1423 pertinacissimae
787 1377 930 1409 nostroe
961 1371 1222 1409 contentiones
1246 1378 1283 1409 et
1309 1371 1561 1422 improborum
1593 1369 1714 1407 homi-

128 1450 217 1474 num
247 1437 398 1488 spiritus
431 1452 453 1475 a
483 1437 684 1475 dilectione
714 1436 942 1474 alienissimi.
1001 1435 1157 1473 Utinam
1188 1448 1280 1473 sano
1309 1435 1425 1473 libelli
1452 1435 1507 1473 tui
1540 1433 1714 1480 consilio,

125 1513 238 1551 quem
264 1502 311 1539 de
334 1502 534 1539 concordia
557 1501 813 1538 ministrorum
839 1514 957 1551 nuper
980 1500 1141 1545 edidisti,
1162 1500 1356 1550 parerent!
1415 1500 1490 1537 Sed
1508 1499 1714 1550 optandum

126 1565 162 1602 id
191 1566 341 1616 quidem
374 1567 497 1616 magis
527 1579 637 1617 quam
668 1566 906 1616 sperandum.
962 1565 1021 1602 De
1051 1564 1155 1602 hisce
1185 1564 1345 1602 dissidiis
1374 1564 1515 1615 poteris
1544 1563 1714 1601 nonnihil

125 1643 147 1666 a
185 1630 233 1668 D.
264 1630 455 1675 Gualtero,
493 1631 637 1681 optimo
665 1631 757 1675 viro,
796 1642 1036 1680 cognoscere.
1109 1629 1278 1679 Pergunt
1309 1628 1428 1666 nostri
1463 1627 1583 1665 adhue
1615 1640 1714 1665 nova

125 1694 268 1732 cudere.
326 1694 619 1745 Reprehendunt
646 1695 854 1731 orationem
887 1694 1002 1738 illam,
1032 1707 1105 1744 qua
1128 1693 1251 1730 Deum
1279 1705 1438 1738 oramus,
1463 1697 1505 1729 ut
1529 1691 1574 1728 ab
1594 1691 1714 1729 omni-

127 1759 194 1795 bus
221 1759 505 1797 adversitatibus
534 1759 744 1796 liberemur.
802 1758 955 1796 Utimur
982 1758 1021 1794 in
1047 1757 1219 1807 precibus
1243 1757 1391 1794 cantico
1419 1756 1519 1793 divae
1543 1755 1713 1805 virginis,

126 1820 284 1858 Joannis
314 1821 500 1872 Baptistae
528 1826 565 1858 et
597 1821 696 1858 senis
729 1819 912 1858 Simonis:
948 1819 986 1857 id
1011 1819 1064 1856 illi
1093 1832 1169 1856 non
1200 1818 1335 1857 ferunt.
1392 1818 1544 1856 Utimur
1570 1817 1609 1854 in
1638 1817 1712 1854 fine

127 1884 359 1936 singulorum
386 1886 625 1936 psalmorum,
653 1899 737 1923 cum
760 1889 948 1936 praesente
971 1883 1110 1934 populo
1126 1883 1341 1929 recitantur,
1363 1888 1386 1904 “
1400 1882 1528 1920 Gloria
1548 1881 1652 1919 Patri
1673 1887 1711 1918 et

126 1948 222 1986 Filio
248 1956 285 1986 et
315 1949 466 2000 Spiritui
492 1950 630 1986 Sancto
649 1949 679 1986 :’'
714 1949 752 1986 id
780 1948 1027 1998 battalogiam
1052 1953 1200 1985 vocant.
1259 1947 1333 1985 Sed
1364 1960 1470 1986 cesso
1502 1946 1584 1984 istis
1611 1946 1714 1983 vani·

127 2015 266 2051 tatibus
299 2020 335 2051 te
361 2014 514 2051 ulterius
540 2014 796 2051 interturbare.
855 2012 1048 2050 Medelam
1077 2011 1156 2049 istis
1180 2024 1203 2048 a
1232 2011 1316 2048 Deo
1345 2010 1589 2061 postulamus.
1647 2009 1711 2047 In-

127 2078 232 2116 terim
253 2084 379 2115 tamen
405 2077 621 2127 hujusmodi
640 2077 748 2115 malis
774 2089 964 2115 occurrere
989 2088 1067 2113 non
1093 2088 1293 2124 cessamus,
1317 2081 1499 2126 quatenus
1524 2074 1712 2112 Dominus

126 2143 221 2180 vires
249 2143 486 2194 suppeditare
514 2142 700 2192 dignatur.

208 2207 361 2245 Librum
387 2214 491 2244 tuum
520 2206 564 2243 de
593 2205 911 2256 persecutionibus
941 2204 1111 2243 ecclesiae
1133 2203 1300 2242 nondum
1323 2203 1461 2255 accepi.
1528 2204 1630 2255 Opto
1658 2209 1710 2246 te,

128 2272 177 2308 ini
204 2272 317 2309 srater
345 2271 383 2309 in
411 2270 563 2309 Christo
592 2269 835 2314 observande,
862 2269 1001 2307 multos
1028 2282 1146 2306 annos
1179 2268 1404 2306 incolumem
1433 2268 1567 2314 v1vere,
1597 2273 1634 2305 et
1663 2267 1710 2304 ad

130 2336 241 2373 finem
270 2349 385 2386 usquc
415 2335 584 2373 ccclesiae
623 2334 693 2371 Dei
725 2334 978 2371 restaurandae
1015 2346 1166 2385 operam
1200 2333 1298 2370 dare.
1364 2332 1455 2370 Misi
1488 2332 1534 2370 ad
1568 2331 1709 2371 ,Iulium

129 2406 297 2437 nostrum
326 2413 388 2437 sex
420 2405 619 2437 coronatos
646 2404 843 2435 nostrates.

600 2485 669 2523 Tui
701 2484 993 2523 studiosissimus
1022 2484 1060 2522 in
1091 2483 1242 2522 Christo
1269 2483 1394 2530 frater,

811 2561 974 2599 Eliensis
994 2560 1165 2599 ecclesiae
1184 2561 1380 2611 episeopus
1397 2565 1435 2597 et
1454 2572 1592 2606 servus,

731 2636 1004 2676 RICARDUS
1043 2636 1235 2682 COXUS,
1269 2636 1478 2688 Episcopus
1509 2635 1681 2675 Eliensis.

441 2744 695 2770 1Nscn11‘T1o.

211 2796 431 2835 Venerando
455 2798 565 2846 patri
591 2800 626 2834 et
659 2799 854 2835 carissimo
881 2799 923 2835 in

287 2863 436 2900 Christo
469 2861 613 2912 fratri,
655 2861 708 2898 D.
747 2863 916 2900 Henrico

284 2928 521 2975 Bullingero,
545 2929 702 2964 eeclesiae
726 2928 918 2977 Tigurinae

279 2993 430 3043 pastori
444 2992 688 3041 fidelissimo.
