1845 3233
93 132 249 191 XXXV]
564 148 617 174 AD
651 147 863 174 HENRICUM
899 146 1199 172 BULLINGERUM.
1624 126 1677 169 51

93 264 180 303 rimi
206 263 320 301 zelosi
342 262 572 313 evangelicae
592 262 783 308 veritatis;
814 262 908 300 adeo
937 267 979 299 ut
1002 261 1042 299 in
1072 261 1204 299 ultima
1229 260 1302 298 ista
1327 257 1587 311 persecutione
1613 256 1682 294 sub

95 329 219 367 Maria
254 328 568 367 comburebantur
605 328 733 378 aliqui,
771 327 974 365 exulabant
1014 339 1091 363 una
1125 326 1321 363 nobiscum
1359 324 1434 369 alii,
1470 321 1605 372 reliqui
1641 320 1681 357 in

94 393 244 444 magnis
278 393 441 431 miseriis
472 399 510 430 et
545 391 825 430 difficultatibus
860 391 923 429 diu
953 391 1102 441 jactati,
1137 390 1292 428 tandem
1326 389 1501 426 restituta
1536 387 1682 424 sincera

93 458 289 508 religione,
320 457 414 495 alios
445 457 712 508 praedicatores
748 463 786 494 et
818 469 879 494 me
911 456 1149 507 potissimum
1185 454 1432 499 solicitarunt‚
1471 451 1568 503 apud
1599 450 1684 487 illos

97 521 313 560 Coventriae
345 521 585 572 evangelium
614 522 852 559 annunciare.
908 520 995 571 Ego
1023 525 1270 571 posteaquam
1298 532 1363 570 per
1396 517 1542 568 aliquot
1569 514 1683 552 ebdo-

97 586 227 624 madas
246 591 420 636 expertus
446 598 580 630 essem,
606 586 667 624 hic
693 585 990 637 copiosissimam
1010 584 1292 622 multitudinem
1312 584 1546 634 frequentare
1565 579 1684 617 solere

98 651 264 701 publicas
296 650 499 688 conciones
537 652 783 702 evangelicas,
814 650 989 689 consensi
1020 649 1104 695 illis,
1134 649 1198 700 qui
1233 661 1292 686 me
1319 647 1519 698 rogabant,
1548 650 1589 681 ut
1616 657 1683 680 ux-

99 729 203 753 orem
236 721 274 752 et
304 715 487 752 familiam
514 729 638 754 meam
672 717 769 767 apud
800 729 864 753 eos
896 715 935 753 in
970 714 1177 752 Coventria
1204 713 1391 756 locarem;
1423 716 1461 748 et
1497 709 1551 747 sic
1583 721 1684 746 nunc

101 780 178 818 fere
206 793 272 830 per
300 779 489 830 integrum
509 794 649 818 annum
669 794 742 831 ego
761 781 874 818 libere.
901 793 1093 817 sermones
1115 778 1242 823 habui,
1275 783 1312 815 et
1331 777 1382 814 illi
1402 774 1604 813 liberaliter
1622 786 1685 811 me

102 850 139 882 et
167 857 274 882 meos
301 845 341 882 in
368 845 436 882 hac
465 845 617 883 civitate
637 845 818 883 aluerunt.
876 844 976 882 Nam
998 857 1075 882 non
1098 843 1340 893 astringimur
1356 853 1478 891 neque
1506 852 1580 889 ego
1598 838 1684 883 illis,

102 922 224 959 neque
251 909 305 946 illi
337 910 437 947 cives
464 909 569 955 mihi,
599 909 675 947 ulla
701 909 759 947 vel
786 909 870 960 lege
897 909 956 946 vel
985 908 1174 960 pactione,
1204 908 1270 945 sed
1300 912 1448 943 tantum
1476 905 1593 941 libera
1619 903 1685 940 be-

102 973 318 1011 nevolentia
345 980 382 1011 et
410 974 577 1012 caritate.
636 973 742 1012 Uxor
768 987 854 1011 mea
885 986 1002 1023 nuper
1031 972 1124 1010 mihi
1150 971 1293 1023 peperit
1320 970 1445 1015 filiam,
1476 981 1561 1020 quae
1591 967 1685 1005 vivit

103 1044 142 1075 et
177 1038 275 1075 valet
307 1051 393 1076 cum
421 1038 538 1075 tribus
566 1038 648 1075 aliis
675 1038 799 1075 liberis
833 1037 967 1090 parvis,
998 1050 1092 1088 quos
1121 1050 1167 1074 ex
1192 1035 1306 1087 priori
1343 1033 1481 1071 marito
1510 1032 1687 1070 defuncto

103 1101 152 1139 ad
186 1115 248 1139 me
286 1103 474 1140 attulerat.
530 1102 613 1140 Nos
641 1102 757 1153 igitur
789 1108 827 1139 te
860 1115 945 1139 cum
975 1102 1051 1139 tuis
1088 1101 1306 1144 salutamus,
1336 1105 1373 1136 et
1407 1098 1535 1136 omnia
1566 1096 1689 1134 fausta

103 1173 217 1217 atque
244 1166 368 1204 felicia
395 1167 434 1203 in
473 1166 626 1204 Christo
654 1167 760 1205 vobis
790 1179 994 1217 precamur.
1051 1165 1152 1204 Nam
1185 1178 1270 1202 cum
1303 1177 1350 1201 ex
1379 1162 1498 1200 literis
1524 1161 1599 1198 tuis
1629 1160 1690 1198 in-

104 1231 323 1281 telligerem,
361 1244 517 1268 uxorem
552 1238 669 1277 tuam,
706 1232 842 1269 liberos
876 1237 962 1268 tuos
996 1236 1034 1268 et
1071 1242 1231 1280 generos
1271 1241 1356 1265 cum
1393 1239 1522 1264 eorum
1565 1225 1702 1263 liberis.

104 1296 200 1332 bene
227 1296 364 1341 valere,
392 1296 549 1346 perinde
576 1295 671 1333 mihi
696 1301 847 1346 gratum
878 1295 962 1341 fuit,
996 1308 1040 1331 ac
1069 1294 1101 1331 si
1130 1306 1250 1331 essem
1273 1298 1419 1336 natura,
1445 1290 1693 1342 quemadmo-

103 1358 194 1396 dum
222 1373 269 1397 ex
299 1360 426 1397 animo
455 1373 550 1405 sum,
577 1373 674 1398 unus
707 1360 788 1411 ipse
814 1373 861 1397 ex
886 1360 963 1397 tuis
988 1359 1074 1404 illis,
1105 1371 1199 1409 quos
1225 1370 1291 1395 oro
1318 1357 1441 1394 Deum
1468 1356 1507 1393 in
1537 1353 1691 1392 Christo

104 1422 174 1460 tibi
203 1423 422 1461 benedicere
454 1429 492 1461 et
523 1424 634 1461 beare
661 1430 857 1475 perpetuo.

182 1487 314 1526 Libros
346 1493 479 1525 contra
506 1488 826 1540 anabaptistarum
855 1495 976 1526 sectas
1007 1494 1044 1525 te
1076 1488 1270 1538 scripsisse
1301 1487 1460 1524 libenter
1487 1484 1619 1522 audio:
1655 1490 1695 1521 et

105 1552 238 1602 capitis
263 1552 319 1589 tui
344 1552 492 1590 dolores
516 1553 801 1604 ingravescente
817 1554 897 1604 jam
925 1559 1040 1591 aetate
1065 1554 1230 1604 majores
1253 1557 1291 1589 et
1316 1550 1588 1602 frequentiores
1611 1561 1698 1586 esse·

105 1628 183 1654 non
207 1616 332 1662 miror,
359 1616 424 1653 sed
444 1616 555 1654 doleo
578 1630 699 1655 annos
726 1624 763 1655 et
791 1618 937 1655 labores
962 1625 1047 1655 tuos
1066 1617 1254 1668 cogitans,
1282 1616 1482 1666 Deumque
1509 1627 1575 1651 oro
1594 1619 1635 1650 ut
1655 1618 1705 1651 ter

106 1680 170 1718 diu
197 1680 321 1718 alvum
355 1686 392 1717 et
418 1693 552 1718 sanum
576 1681 686 1719 nobis
713 1688 751 1719 et
776 1682 949 1719 ecclesiae
974 1695 1054 1719 suae
1079 1694 1224 1719 servare
1249 1680 1350 1718 velit.

188 1745 267 1790 Qui
296 1745 433 1795 pariter
456 1745 619 1783 viximus
648 1746 733 1784 unis
759 1746 798 1784 in
818 1746 962 1784 aedibus
987 1746 1121 1797 Tiguri
1140 1745 1260 1796 Angli
1284 1744 1393 1782 multi
1414 1744 1507 1795 jam,
1532 1742 1695 1780 necessi-

106 1815 184 1847 tate
203 1810 256 1846 ita
273 1815 445 1860 urgente,
466 1809 581 1860 longe
601 1811 646 1847 ab
667 1811 829 1849 invicem
848 1824 913 1861 per
930 1810 1111 1862 Angliam
1132 1809 1383 1847 distrahimur.
1429 1809 1501 1846 Sed
1521 1807 1599 1845 fieri
1616 1820 1695 1845 non

107 1880 244 1923 potest,
278 1873 368 1924 quin
402 1886 534 1911 omnes
564 1887 845 1924 perseveremus
878 1888 1066 1913 memores
1098 1874 1291 1925 praeclarae
1315 1873 1589 1924 hospitalitatis
1611 1870 1694 1924 [et]

108 1938 385 1984 beneficentiae,
406 1951 516 1989 quam
535 1939 720 1989 Tigurum
739 1946 864 1977 vestro
888 1940 1098 1991 patrocinio
1120 1939 1230 1976 nobis
1255 1937 1445 1989 praestitit,
1464 1937 1570 1974 valde
1590 1949 1696 1974 com-

109 2001 236 2047 mode,
254 2001 316 2051 pie
336 2008 374 2038 et
393 2007 571 2039 amanter.
630 2002 764 2054 Itaque
785 2003 885 2041 solus
903 2010 941 2041 et
965 2003 1120 2041 seorsim
1139 2016 1161 2040 a
1179 2002 1310 2040 ceteris
1328 2002 1492 2040 scribens
1511 2006 1549 2038 te
1569 2006 1697 2038 tamen

108 2078 220 2115 rogo,
249 2065 359 2102 simul
397 2066 567 2103 omnium
596 2073 812 2105 nostrorum
847 2068 1062 2105 nominibus
1100 2068 1241 2117 gratias
1269 2079 1380 2116 agere
1412 2065 1698 2116 magistratibus

108 2129 326 2180 reipublicae
363 2136 400 2166 et
430 2130 612 2167 ministris
639 2131 821 2176 ecclesiae,
852 2138 965 2182 atque
997 2132 1149 2181 reliquis
1185 2131 1294 2168 bonis
1331 2130 1420 2168 viris
1450 2130 1594 2180 Tiguri‚
1628 2142 1696 2179 pro

109 2200 188 2231 tam
222 2200 446 2244 opportuno,
478 2201 587 2244 grato
619 2201 657 2232 et
691 2196 905 2233 necessario
934 2194 1101 2245 hospitio
1129 2195 1239 2232 nobis
1272 2195 1442 2232 exulibus
1471 2195 1522 2232 ibi
1551 2193 1697 2231 Christi

111 2271 225 2296 causa
251 2257 442 2302 exhibit03
482 2264 519 2295 et
546 2264 732 2296 matronae
758 2259 810 2296 illi
839 2259 1082 2304 Elizabethae,
1114 2272 1199 2310 quie
1227 2259 1338 2297 nobis
1362 2259 1567 2304 inservivit,
1593 2258 1697 2296 dicas

111 2335 246 2374 quaeso
273 2336 295 2359 a
323 2322 432 2359 nobis
460 2323 633 2360 omnibus
662 2323 821 2360 salutem
850 2323 889 2360 in
918 2324 1099 2361 Domino.

191 2387 358 2424 Obsecro
391 2386 521 2431 etiarn,
551 2393 593 2424 ut
617 2400 703 2424 meo
732 2388 886 2425 nomine
916 2388 1075 2425 salutare
1105 2387 1270 2438 digneris
1298 2387 1555 2439 pientissimos
1584 2387 1697 2424 simul

111 2458 152 2489 ct
187 2451 428 2489 doctissimos
466 2451 653 2497 dominos,
694 2452 846 2489 Petrum
880 2452 1102 2502 Martyrem,
1142 2452 1374 2490 Bernardum
1410 2452 1614 2498 Ochinum,
1652 2452 1701 2489 R.

111 2517 345 2562 Gualterum,
393 2515 631 2554 Theodorum
677 2517 949 2563 Bibliandrum,
994 2530 1152 2567 generos
1202 2523 1288 2554 tuos
1330 2516 1424 2554 mihi
1470 2517 1699 2563 carissimos,

113 2581 353 2626 Lavaterum,
384 2581 619 2631 Zuinglium,
647 2586 685 2618 et
707 2581 920 2627 Simlerum,
946 2588 1127 2632 praeterea
1155 2581 1178 2618 J
1183 2581 1372 2619 ohannem
1399 2582 1445 2619 ab
1469 2581 1607 2627 Ulmis,
1634 2581 1698 2632 qui

111 2646 208 2683 vixit
239 2645 330 2683 olim
365 2645 404 2682 in
441 2645 598 2695 Anglia,
631 2651 669 2682 et
702 2644 918 2683 Johannem
953 2646 1182 2684 Burcherum
1214 2646 1396 2696 Anglum,
1431 2659 1515 2684 cum
1544 2647 1698 2697 reliquis

111 2712 185 2762 piis
220 2711 321 2761 apud
355 2723 422 2747 vos
455 2709 547 2747 mihi
584 2711 684 2747 notis
721 2710 760 2747 in
798 2710 977 2748 Domino.
1034 2711 1192 2749 Gratum
1229 2724 1377 2762 quoque
1414 2717 1525 2757 esset,
1563 2711 1594 2748 si
1632 2711 1697 2748 ali-

113 2775 264 2826 quando
300 2775 339 2812 in
371 2775 489 2812 literis
523 2775 598 2811 tuis
634 2775 682 2812 ad
718 2775 902 2812 Bernates
938 2776 994 2812 vel
1037 2775 1268 2813 Arovienses
1309 2776 1544 2814 mentionem
1581 2776 1699 2813 nostri

110 2853 196 2878 cum
231 2840 433 2889 gratiarum
472 2840 619 2877 actione
652 2839 797 2876 feceris.
854 2839 940 2890 Ego
976 2854 1043 2891 pro
1080 2854 1165 2878 mea
1201 2841 1387 2878 tenuitate
1422 2841 1469 2878 ad
1506 2841 1700 2891 utriusque

115 2904 286 2942 ccclesiae
312 2904 506 2942 ministros
532 2911 570 2941 et
598 2903 957 2955 archigrammateos
982 2906 1127 2956 scripsi,
1158 2911 1196 2942 ct
1224 2906 1424 2943 rescribam
1445 2905 1529 2943 Deo
1554 2905 1701 2942 volente

113 2968 228 3006 brevi.
283 2968 394 3006 Faxit
424 2968 528 3006 Deus
554 2975 596 3006 ut
623 2969 740 3007 simus
770 2982 915 3021 semper
942 2983 1125 3008 memores
1150 2976 1188 3008 et
1213 2970 1260 3008 ad
1282 2984 1435 3009 omnem
1464 2970 1699 3007 occasionem

1451 3035 1584 3075 ÷÷4-2
