1845 3233
130 142 210 182 11‘0
692 150 897 176 JOHANNES
928 149 1098 176 JUELLL's
1553 134 1695 191 [Epls's.

666 344 964 388 EPISTOLA
1004 345 1147 388 XCV.

273 559 529 593 JOHANNES
557 558 768 590 JUELLUS
796 557 865 588 AD
894 556 1156 588 HENRVICUM
1186 556 1555 590 BULLINGERUM.

199 658 235 696 S.
257 656 323 694 PL.
351 655 389 692 in
416 653 580 691 Christo.
635 650 771 702 Scripsi
800 650 846 687 ad
874 655 925 695 te,
946 648 1181 686 ornatissime
1208 649 1264 686 vir
1291 655 1329 686 et
1355 655 1461 699 pater
1482 649 1520 686 in
1545 648 1698 687 Christo

119 720 389 764 colendissimo,
418 719 484 755 sub
510 717 656 755 initium
685 714 911 766 Septembris
941 713 1031 750 satis
1058 712 1202 763 prolixe
1228 713 1273 750 de
1301 713 1403 750 onmi
1432 719 1531 750 statu
1552 719 1698 751 nostra·

119 801 199 828 rum
228 797 360 823 rerum.
428 784 487 821 De
520 782 593 819 illis
622 779 738 818 literis
769 778 857 830 quid
889 778 1029 815 factum
1064 777 1126 821 sit,
1159 775 1277 814 adhuc
1309 777 1450 814 nescio.
1506 778 1566 815 Fit
1597 778 1698 815 enim

125 864 226 902 saepe
254 847 475 886 turbulentis
504 846 588 883 istis
616 843 861 894 temporibus,
891 848 932 878 ut
963 841 1081 878 literae
1108 846 1172 878 aut
1199 840 1441 878 concidantur
1467 842 1701 887 innocentes,

120 923 184 955 aut
219 914 483 963 extinguantur
511 911 549 948 in
579 909 721 946 itinere.
785 908 824 944 Si
854 919 917 944 eas
945 905 1163 943 intellexero
1193 905 1239 943 ad
1268 910 1306 942 te
1339 905 1545 943 incolumes
1572 918 1698 956 perve-

117 982 227 1025 nisse,
257 990 319 1015 ero
347 976 503 1014 alacrior
528 974 574 1011 ad
603 972 846 1010 scribendum.

197 1042 375 1082 Ecclesiae
411 1047 549 1078 nostrae
592 1037 663 1075 hoc
698 1043 863 1087 tempore
899 1035 969 1072 Dei
1006 1041 1082 1086 opt.
1120 1047 1218 1072 max.
1256 1034 1440 1072 beneficio
1486 1035 1697 1086 tranquillae

121 1114 215 1148 sunt.
272 1104 534 1144 Sanctissimus
554 1107 711 1139 conatus
731 1106 801 1145 cst,
828 1107 1006 1150 quantum
1033 1099 1167 1151 potuit,
1196 1099 1367 1136 omnibus
1393 1099 1516 1137 modis
1541 1100 1698 1137 miscere

120 1173 255 1213 onmia.
325 1169 569 1207 Sunnniserat
604 1167 649 1204 ad
683 1179 754 1203 nos
792 1164 1028 1202 inanissimas
1061 1163 1190 1208 bullas,
1224 1163 1357 1213 quibus
1389 1170 1426 1200 et
1466 1162 1698 1201 Elizabethae

121 1238 280 1288 Reginae
322 1232 573 1285 gubernacula
604 1229 822 1282 reipublicae
858 1235 896 1266 ct
930 1227 1083 1266 Christo
1120 1241 1277 1278 regnum
1316 1240 1421 1265 suum
1459 1227 1698 1278 abjudicaret.

122 1303 271 1341 Illarum
304 1312 376 1350 ego
409 1298 455 1335 ad
487 1303 524 1334 te
555 1294 803 1346 superioribus
835 1293 1011 1330 nundinis
1042 1292 1232 1343 exemplar
1261 1292 1360 1337 misi,
1391 1298 1431 1329 ut
1460 1292 1700 1342 intelligeres,

123 1380 231 1419 quam
261 1365 322 1403 ille
346 1375 460 1400 senex
483 1368 520 1399 et
545 1361 669 1398 fatuus
700 1358 914 1397 solemniter
938 1356 1113 1394 insaniat.
1171 1356 1310 1394 Omnia
1338 1356 1434 1394 illius
1459 1356 1698 1394 consiliorum

120 1430 296 1483 mysteria
320 1429 373 1466 ita
402 1427 447 1464 ab
473 1426 556 1469 illis,
578 1425 641 1475 qui
671 1423 778 1474 regni
803 1422 922 1460 nostri
949 1422 1094 1459 clavum
1118 1427 1258 1465 tenent,
1286 1421 1485 1472 prudenter
1510 1420 1698 1472 patefacta

122 1503 159 1535 et
177 1497 304 1534 dextre
323 1492 564 1543 appositeque
581 1489 741 1527 refutata
759 1492 858 1532 sunt,
879 1491 919 1524 ut
938 1499 1037 1523 nunc
1055 1499 1078 1522 a
1095 1486 1220 1536 pueris
1238 1485 1439 1523 rideantur.
1489 1485 1699 1522 Perduelles

121 1561 174 1599 illi
206 1557 332 1596 miseri
365 1563 402 1594 et
433 1555 539 1599 fatui,
573 1553 636 1604 qui
665 1553 742 1603 jam
781 1556 867 1588 ante
900 1563 1047 1587 menses
1078 1549 1285 1587 octodecim
1318 1554 1507 1600 coeperant
1536 1550 1574 1586 in
1604 1563 1696 1600 agro

123 1621 366 1663 Dunelmensi
395 1618 624 1663 tumultuari,
656 1630 755 1654 nunc
786 1615 936 1653 exulant
964 1614 1002 1651 in
1030 1613 1201 1651 Flandria
1230 1614 1346 1651 eversi
1372 1614 1482 1651 rebus
1510 1613 1696 1651 omnibus.

124 1688 376 1728 Lovanienses
393 1684 512 1722 nostri
529 1695 644 1719 unum
658 1681 738 1731 jam
758 1686 868 1731 atque
888 1679 1043 1716 alterum
1062 1691 1201 1716 annum
1220 1678 1316 1716 nihil
1333 1678 1507 1716 scribunt.
1551 1678 1699 1729 Regina

123 1752 262 1791 Scotite
292 1755 512 1792 asservatur,
540 1746 594 1783 uti
626 1745 711 1790 scis,
742 1745 841 1795 apud
868 1756 938 1781 nos
960 1742 1100 1780 liberali
1127 1743 1308 1789 custodia,
1333 1743 1538 1781 honorifice
1569 1749 1606 1780 et
1635 1756 1698 1794 ap-

122 1822 252 1869 paratu
290 1827 405 1866 prope
442 1811 567 1861 regio:
610 1815 735 1847 tamen
761 1813 977 1846 asservatur.
1036 1807 1079 1843 Id
1114 1806 1176 1843 illa
1207 1807 1445 1857 impatienter
1478 1813 1516 1844 et
1547 1807 1699 1857 indigne

123 1883 207 1924 fert,
244 1885 282 1916 et
318 1878 388 1915 sibi
425 1875 600 1925 injuriam
630 1874 708 1911 fieri
735 1873 922 1910 clamitat:
969 1871 1068 1909 nosti
1100 1871 1199 1908 enim
1229 1871 1381 1922 spiritus
1413 1877 1526 1922 atque
1555 1872 1700 1910 animos

123 1945 335 1984 Guisianos.
390 1940 509 1978 Aiunt
526 1939 674 1976 fratrem
696 1937 811 1989 Regis
833 1937 966 1975 Galliae
990 1936 1090 1973 illam
1117 1936 1255 1973 ambire
1277 1937 1487 1986 conjugem.
1544 1936 1699 1974 Interim

122 2024 179 2048 res
200 2007 360 2046 Scoticae
381 2006 417 2042 in
436 2005 581 2042 illorum
602 2009 688 2040 sunt
706 2006 902 2052 potestate,
923 2000 987 2051 qui
1011 1999 1230 2050 profitentur
1248 2001 1492 2051 evangelium.
1531 2001 1700 2040 Societas

125 2076 199 2119 illa,
225 2085 311 2124 quae
343 2069 452 2108 nobis
480 2067 679 2119 aliquando
712 2067 781 2104 fuit
804 2079 888 2104 cum
919 2064 1267 2115 Antverpiensibus,
1297 2071 1385 2103 ante
1414 2066 1556 2116 aliquot
1585 2079 1701 2104 annos

128 2140 274 2177 illorum
308 2134 450 2185 injuriis
487 2138 524 2171 et
559 2132 714 2183 perfidia
750 2131 899 2175 violata,
933 2143 1009 2167 non
1046 2135 1172 2180 potest
1207 2129 1328 2166 adhuc
1365 2130 1582 2168 coalescere.
1654 2130 1699 2167 In

130 2200 325 2253 Hispaniis
363 2197 485 2236 'Mauri
522 2209 692 2241 numero,
722 2196 871 2240 viribus,
909 2199 946 2231 et
981 2193 1143 2231 victoriis
1188 2200 1383 2239 crescunt;
1434 2194 1627 2246 Philippus
1661 2194 1700 2232 in

125 2266 291 2317 singulos
324 2264 401 2301 dies
432 2261 673 2299 imminuitur.
743 2261 802 2298 De
835 2259 962 2310 Cypro
995 2271 1081 2295 vcro
1113 2264 1150 2295 et
1183 2259 1337 2296 Venetis
1366 2259 1476 2297 rebus
1507 2259 1593 2310 quid
1626 2272 1700 2310 ego

128 2331 225 2370 tibi?
278 2329 437 2367 Turcam
463 2339 561 2364 nunc
590 2326 694 2362 aiunt
721 2325 913 2362 imminere
942 2323 1077 2361 Italiae.
1146 2323 1216 2360 Ille
1247 2323 1377 2361 saltem
1407 2323 1581 2361 fraenabit
1604 2323 1702 2360 anti-

128 2394 254 2435 christi
280 2392 478 2431 ferociam:
516 2403 603 2428 nam
635 2389 837 2427 Christiani
862 2388 1047 2439 principes
1071 2387 1183 2425 toties
1208 2387 1390 2425 admoniti
1414 2387 1506 2424 nihil
1533 2388 1700 2426 audiunt.

129 2457 344 2498 Elizabetha
380 2456 526 2506 Regina
561 2460 687 2492 nostra
722 2452 942 2491 convocavit
973 2465 1156 2502 1)rocereS‚
1190 2457 1228 2488 et
1263 2452 1398 2489 indixit
1436 2452 1700 2503 parlamentum

130 2525 169 2561 in
207 2522 410 2560 secundum
449 2520 546 2557 diem
580 2517 742 2568 Aprilis;
787 2517 887 2568 quod
918 2516 1007 2553 felix
1044 2516 1278 2566 faustumque
1312 2516 1361 2553 sit
1393 2521 1431 2553 et
1463 2516 1633 2554 ecclesiae
1663 2523 1702 2554 et

128 2586 362 2638 reipublicae!
403 2584 459 2622 Ibi
480 2584 642 2627 demum,
663 2595 783 2632 spero,
802 2581 934 2618 videbo
954 2579 1218 2618 Parkliurstum
1238 2586 1341 2618 tuum
1362 2593 1569 2631 meumque,
1592 2594 1700 2632 quem

131 2650 366 2703 septennium
392 2649 470 2698 jam
499 2653 620 2685 totum
650 2659 841 2697 nunquam
867 2645 953 2682 vidi.

209 2714 404 2752 Gualterus
427 2712 647 2755 Haddmms,
666 2710 720 2748 vir
744 2710 827 2760 pius
846 2715 883 2746 et
907 2709 1096 2753 facunclrm,
1123 2708 1217 2746 obiit
1235 2708 1334 2746 diem
1354 2722 1471 2747 suum.
1527 2708 1576 2747 D.
1597 2708 1703 2747 Grin-

132 2780 250 2817 dallus
288 2776 546 2819 Eboracensis,
585 2774 728 2812 Sandus
767 2773 1030 2817 Lomlinensis,
1072 2773 1228 2810 Hornus
1261 2773 1527 2817 Vintoniensis‚
1571 2773 1705 2810 absunt

131 2859 153 2882 a
170 2857 229 2880 me
248 2842 360 2891 longe
381 2839 563 2889 gentium,
584 2839 739 2889 quisque
762 2838 800 2876 in
827 2851 891 2875 sua
917 2837 1076 2889 specula.
1133 2837 1276 2875 Omnes
1302 2843 1427 2874 tamen
1456 2837 1524 2875 tibi
1551 2836 1705 2887 cupiunt

128 2914 166 2946 et
193 2914 231 2944 te
259 2905 430 2942 salutant.

213 2970 299 3020 Ego
326 2968 427 3007 Julio
454 2980 539 3005 meo
568 2967 686 3005 debeo
715 2967 765 3004 xl.
785 2966 949 3004 Gallicos
973 2971 1187 3011 coronatos.
1205 2965 1378 3003 videlicet
1405 2965 1558 3003 duorum
1588 2978 1703 3003 anno-
