<?xml version="1.0" encoding="UTF-8"?>
<!DOCTYPE html PUBLIC "-//W3C//DTD XHTML 1.0 Transitional//EN"
    "http://www.w3.org/TR/xhtml1/DTD/xhtml1-transitional.dtd">
<html xmlns="http://www.w3.org/1999/xhtml" xml:lang="en" lang="en">
 <head>
  <title>
</title>
<meta http-equiv="Content-Type" content="text/html;charset=utf-8" />
  <meta name='ocr-system' content='tesseract 3.04.00' />
  <meta name='ocr-capabilities' content='ocr_page ocr_carea ocr_par ocr_line ocrx_word'/>
</head>
<body>
  <div class='ocr_page' id='page_1' title='image "./zurichletterscom02hunt_0374.png"; bbox 0 0 1845 3233; ppageno 0'>
   <div class='ocr_carea' id='block_1_1' title="bbox 135 104 1691 165">
    <p class='ocr_par' dir='ltr' id='par_1_1' title="bbox 135 104 1691 165">
     <span class='ocr_line' id='line_1_1' title="bbox 135 104 1691 165; baseline -0.013 0"><span class='ocrx_word' id='word_1_1' title='bbox 135 121 191 165; x_wconf 83' lang='lat'><strong>78</strong></span> <span class='ocrx_word' id='word_1_2' title='bbox 378 134 536 161; x_wconf 79' lang='lat' dir='ltr'>THOMAS</span> <span class='ocrx_word' id='word_1_3' title='bbox 569 130 745 158; x_wconf 71' lang='lat' dir='ltr'><strong>sAMPsON</strong></span> <span class='ocrx_word' id='word_1_4' title='bbox 780 129 833 155; x_wconf 78' lang='lat' dir='ltr'><strong>AD</strong></span> <span class='ocrx_word' id='word_1_5' title='bbox 867 127 1078 154; x_wconf 66' lang='lat' dir='ltr'><strong>namucum</strong></span> <span class='ocrx_word' id='word_1_6' title='bbox 1113 123 1411 151; x_wconf 78' lang='lat' dir='ltr'><strong>BULLINGERUM.</strong></span> <span class='ocrx_word' id='word_1_7' title='bbox 1551 104 1691 162; x_wconf 77' lang='lat' dir='ltr'>[EPIST.</span> 
     </span>
    </p>
   </div>
   <div class='ocr_carea' id='block_1_2' title="bbox 141 235 1695 612">
    <p class='ocr_par' dir='ltr' id='par_1_2' title="bbox 141 235 1695 612">
     <span class='ocr_line' id='line_1_2' title="bbox 141 235 1693 299; baseline -0.012 -9"><span class='ocrx_word' id='word_1_8' title='bbox 141 253 202 291; x_wconf 85' lang='lat' dir='ltr'><strong>ille</strong></span> <span class='ocrx_word' id='word_1_9' title='bbox 233 256 300 294; x_wconf 84' lang='lat' dir='ltr'><strong>cst,</strong></span> <span class='ocrx_word' id='word_1_10' title='bbox 331 261 438 299; x_wconf 86' lang='lat' dir='ltr'><strong>quem</strong></span> <span class='ocrx_word' id='word_1_11' title='bbox 470 246 636 283; x_wconf 84' lang='lat' dir='ltr'><strong>Christus</strong></span> <span class='ocrx_word' id='word_1_12' title='bbox 668 248 794 280; x_wconf 88' lang='lat' dir='ltr'><strong>noster</strong></span> <span class='ocrx_word' id='word_1_13' title='bbox 827 241 866 278; x_wconf 89' lang='lat' dir='ltr'><strong>in</strong></span> <span class='ocrx_word' id='word_1_14' title='bbox 898 239 1118 277; x_wconf 83' lang='lat' dir='ltr'><strong>famulitium</strong></span> <span class='ocrx_word' id='word_1_15' title='bbox 1150 237 1330 275; x_wconf 85' lang='lat' dir='ltr'><strong>adsciscit.</strong></span> <span class='ocrx_word' id='word_1_16' title='bbox 1395 235 1573 286; x_wconf 85' lang='lat' dir='ltr'><strong>Angliam</strong></span> <span class='ocrx_word' id='word_1_17' title='bbox 1603 248 1693 286; x_wconf 86' lang='lat' dir='ltr'><strong>ergo</strong></span> 
     </span>
     <span class='ocr_line' id='line_1_3' title="bbox 144 299 1692 354; baseline -0.011 -1"><span class='ocrx_word' id='word_1_18' title='bbox 144 316 212 353; x_wconf 90' lang='lat' dir='ltr'><strong>tibi</strong></span> <span class='ocrx_word' id='word_1_19' title='bbox 238 310 630 351; x_wconf 74' lang='lat' dir='ltr'><strong>commendatissimum</strong></span> <span class='ocrx_word' id='word_1_20' title='bbox 655 306 747 344; x_wconf 82' lang='lat' dir='ltr'><strong>habe</strong></span> <span class='ocrx_word' id='word_1_21' title='bbox 770 305 808 341; x_wconf 88' lang='lat' dir='ltr'><strong>in</strong></span> <span class='ocrx_word' id='word_1_22' title='bbox 826 304 1015 354; x_wconf 90' lang='lat' dir='ltr'><strong>precibus;</strong></span> <span class='ocrx_word' id='word_1_23' title='bbox 1048 314 1194 339; x_wconf 90' lang='lat' dir='ltr'>necnon</span> <span class='ocrx_word' id='word_1_24' title='bbox 1219 306 1257 338; x_wconf 91' lang='lat' dir='ltr'><strong>et</strong></span> <span class='ocrx_word' id='word_1_25' title='bbox 1273 301 1346 338; x_wconf 91' lang='lat' dir='ltr'><strong>mei</strong></span> <span class='ocrx_word' id='word_1_26' title='bbox 1366 300 1416 337; x_wconf 87' lang='lat' dir='ltr'><strong>sis</strong></span> <span class='ocrx_word' id='word_1_27' title='bbox 1439 312 1590 337; x_wconf 87' lang='lat' dir='ltr'><strong>memor.</strong></span> <span class='ocrx_word' id='word_1_28' title='bbox 1647 299 1692 336; x_wconf 91' lang='lat' dir='ltr'><strong>In</strong></span> 
     </span>
     <span class='ocr_line' id='line_1_4' title="bbox 144 363 1695 430; baseline -0.01 -15"><span class='ocrx_word' id='word_1_29' title='bbox 144 383 355 430; x_wconf 84' lang='lat' dir='ltr'><strong>perpetuum</strong></span> <span class='ocrx_word' id='word_1_30' title='bbox 390 373 525 411; x_wconf 88' lang='lat' dir='ltr'><strong>amoris</strong></span> <span class='ocrx_word' id='word_1_31' title='bbox 560 384 648 421; x_wconf 84' lang='lat' dir='ltr'><strong>erga</strong></span> <span class='ocrx_word' id='word_1_32' title='bbox 682 376 718 406; x_wconf 89' lang='lat' dir='ltr'><strong>te</strong></span> <span class='ocrx_word' id='word_1_33' title='bbox 753 368 827 405; x_wconf 91' lang='lat' dir='ltr'><strong>mei</strong></span> <span class='ocrx_word' id='word_1_34' title='bbox 866 368 1013 417; x_wconf 85' lang='lat' dir='ltr'><strong>signum</strong></span> <span class='ocrx_word' id='word_1_35' title='bbox 1048 365 1159 402; x_wconf 88' lang='lat' dir='ltr'><strong>mitto</strong></span> <span class='ocrx_word' id='word_1_36' title='bbox 1193 363 1424 402; x_wconf 84' lang='lat' dir='ltr'><strong>chirothecas</strong></span> <span class='ocrx_word' id='word_1_37' title='bbox 1460 363 1695 401; x_wconf 84' lang='lat' dir='ltr'><strong>Oxonienses</strong></span> 
     </span>
     <span class='ocr_line' id='line_1_5' title="bbox 142 428 1693 493; baseline -0.01 -14"><span class='ocrx_word' id='word_1_38' title='bbox 142 456 205 493; x_wconf 89' lang='lat' dir='ltr'><strong>per</strong></span> <span class='ocrx_word' id='word_1_39' title='bbox 231 441 275 478; x_wconf 91' lang='lat' dir='ltr'><strong>D.</strong></span> <span class='ocrx_word' id='word_1_40' title='bbox 303 439 515 477; x_wconf 85' lang='lat' dir='ltr'><strong>Blaarerum</strong></span> <span class='ocrx_word' id='word_1_41' title='bbox 543 440 760 473; x_wconf 82' lang='lat' dir='ltr'><strong>vestratem:</strong></span> <span class='ocrx_word' id='word_1_42' title='bbox 803 432 878 469; x_wconf 77' lang='lat' dir='ltr'><strong>illue</strong></span> <span class='ocrx_word' id='word_1_43' title='bbox 907 431 1187 474; x_wconf 84' lang='lat' dir='ltr'><strong>inveterascent,</strong></span> <span class='ocrx_word' id='word_1_44' title='bbox 1218 442 1407 480; x_wconf 88' lang='lat' dir='ltr'><strong>nunquam</strong></span> <span class='ocrx_word' id='word_1_45' title='bbox 1443 434 1568 465; x_wconf 88' lang='lat' dir='ltr'><strong>tamen</strong></span> <span class='ocrx_word' id='word_1_46' title='bbox 1598 428 1693 478; x_wconf 87' lang='lat' dir='ltr'><strong>apud</strong></span> 
     </span>
     <span class='ocr_line' id='line_1_6' title="bbox 143 490 1692 553; baseline -0.01 -11"><span class='ocrx_word' id='word_1_47' title='bbox 143 512 181 543; x_wconf 83' lang='lat' dir='ltr'><strong>te</strong></span> <span class='ocrx_word' id='word_1_48' title='bbox 213 503 362 553; x_wconf 75' lang='lat' dir='ltr'><strong>Angliae</strong></span> <span class='ocrx_word' id='word_1_49' title='bbox 398 500 541 550; x_wconf 85' lang='lat' dir='ltr'><strong>meique</strong></span> <span class='ocrx_word' id='word_1_50' title='bbox 574 499 815 535; x_wconf 86' lang='lat' dir='ltr'><strong>inveterascat</strong></span> <span class='ocrx_word' id='word_1_51' title='bbox 851 507 965 531; x_wconf 86' lang='lat' dir='ltr'><strong>amor.</strong></span> <span class='ocrx_word' id='word_1_52' title='bbox 1033 493 1137 538; x_wconf 86' lang='lat' dir='ltr'><strong>Vale,</strong></span> <span class='ocrx_word' id='word_1_53' title='bbox 1168 499 1206 530; x_wconf 90' lang='lat' dir='ltr'><strong>et</strong></span> <span class='ocrx_word' id='word_1_54' title='bbox 1238 493 1278 530; x_wconf 90' lang='lat' dir='ltr'><strong>in</strong></span> <span class='ocrx_word' id='word_1_55' title='bbox 1311 492 1474 530; x_wconf 90' lang='lat' dir='ltr'><strong>Domino</strong></span> <span class='ocrx_word' id='word_1_56' title='bbox 1505 492 1584 528; x_wconf 82' lang='lat' dir='ltr'><strong>vive</strong></span> <span class='ocrx_word' id='word_1_57' title='bbox 1615 490 1692 528; x_wconf 88' lang='lat' dir='ltr'><strong>feli-</strong></span> 
     </span>
     <span class='ocr_line' id='line_1_7' title="bbox 143 557 1280 612; baseline -0.011 -5"><span class='ocrx_word' id='word_1_58' title='bbox 143 569 298 611; x_wconf 87' lang='lat' dir='ltr'><strong>cissime,</strong></span> <span class='ocrx_word' id='word_1_59' title='bbox 325 563 511 603; x_wconf 85' lang='lat' dir='ltr'><strong>carissime</strong></span> <span class='ocrx_word' id='word_1_60' title='bbox 536 567 649 612; x_wconf 86' lang='lat' dir='ltr'><strong>pater.</strong></span> <span class='ocrx_word' id='word_1_61' title='bbox 706 559 857 603; x_wconf 84' lang='lat' dir='ltr'><strong>Oxonii,</strong></span> <span class='ocrx_word' id='word_1_62' title='bbox 884 558 942 595; x_wconf 91' lang='lat' dir='ltr'><strong>die</strong></span> <span class='ocrx_word' id='word_1_63' title='bbox 967 560 1016 594; x_wconf 80' lang='lat'><strong>26</strong></span> <span class='ocrx_word' id='word_1_64' title='bbox 1037 557 1138 601; x_wconf 85' lang='lat' dir='ltr'><strong>Julii,</strong></span> <span class='ocrx_word' id='word_1_65' title='bbox 1169 559 1280 594; x_wconf 82' lang='lat'>1563.</span> 
     </span>
    </p>
   </div>
   <div class='ocr_carea' id='block_1_3' title="bbox 1221 631 1638 670">
    <p class='ocr_par' dir='ltr' id='par_1_3' title="bbox 1221 631 1638 670">
     <span class='ocr_line' id='line_1_8' title="bbox 1221 631 1638 670; baseline -0.005 0"><span class='ocrx_word' id='word_1_66' title='bbox 1221 632 1347 670; x_wconf 92' lang='grc' dir='ltr'><strong>ΤΗΟ.</strong></span> <span class='ocrx_word' id='word_1_67' title='bbox 1377 631 1638 669; x_wconf 89' lang='lat' dir='ltr'><strong>SAMPSON.</strong></span> 
     </span>
    </p>
   </div>
   <div class='ocr_carea' id='block_1_4' title="bbox 233 702 1627 1083">
    <p class='ocr_par' dir='ltr' id='par_1_4' title="bbox 233 702 1627 1083">
     <span class='ocr_line' id='line_1_9' title="bbox 233 702 1627 758; baseline -0.006 -10"><span class='ocrx_word' id='word_1_68' title='bbox 233 711 368 754; x_wconf 83' lang='lat' dir='ltr'><strong>Saluta,</strong></span> <span class='ocrx_word' id='word_1_69' title='bbox 396 719 535 758; x_wconf 81' lang='lat' dir='ltr'><strong>quaeso,</strong></span> <span class='ocrx_word' id='word_1_70' title='bbox 563 717 647 742; x_wconf 88' lang='lat' dir='ltr'><strong>meo</strong></span> <span class='ocrx_word' id='word_1_71' title='bbox 674 703 824 741; x_wconf 89' lang='lat' dir='ltr'><strong>nomine</strong></span> <span class='ocrx_word' id='word_1_72' title='bbox 853 709 890 740; x_wconf 87' lang='lat' dir='ltr'><strong>ct</strong></span> <span class='ocrx_word' id='word_1_73' title='bbox 915 714 1010 739; x_wconf 78' lang='lat' dir='ltr'><strong>meae</strong></span> <span class='ocrx_word' id='word_1_74' title='bbox 1036 703 1162 740; x_wconf 83' lang='lat' dir='ltr'><strong>uxoris</strong></span> <span class='ocrx_word' id='word_1_75' title='bbox 1189 703 1328 741; x_wconf 85' lang='lat' dir='ltr'><strong>Julium</strong></span> <span class='ocrx_word' id='word_1_76' title='bbox 1355 702 1627 740; x_wconf 84' lang='lat' dir='ltr'><strong>Terentianum.</strong></span> 
     </span>
     <span class='ocr_line' id='line_1_10' title="bbox 397 792 643 818; baseline -0.012 0"><span class='ocrx_word' id='word_1_77' title='bbox 397 792 643 818; x_wconf 80' lang='lat' dir='ltr'>INSCRIPTIO.</span> 
     </span>
     <span class='ocr_line' id='line_1_11' title="bbox 244 844 788 886; baseline -0.015 0"><span class='ocrx_word' id='word_1_78' title='bbox 244 848 396 886; x_wconf 68' lang='lat' dir='ltr'><strong>Eximio</strong></span> <span class='ocrx_word' id='word_1_79' title='bbox 430 847 510 882; x_wconf 69' lang='lat' dir='ltr'><strong>viro</strong></span> <span class='ocrx_word' id='word_1_80' title='bbox 539 845 586 881; x_wconf 93' lang='lat' dir='ltr'><strong>D.</strong></span> <span class='ocrx_word' id='word_1_81' title='bbox 619 844 788 879; x_wconf 72' lang='lat' dir='ltr'><strong>Henrz&#39;eo</strong></span> 
     </span>
     <span class='ocr_line' id='line_1_12' title="bbox 298 907 789 958; baseline -0.012 -10"><span class='ocrx_word' id='word_1_82' title='bbox 298 911 531 958; x_wconf 66' lang='lat' dir='ltr'><strong>Bullingem,</strong></span> <span class='ocrx_word' id='word_1_83' title='bbox 549 909 648 944; x_wconf 71' lang='lat' dir='ltr'><strong>verbi</strong></span> <span class='ocrx_word' id='word_1_84' title='bbox 667 907 789 943; x_wconf 72' lang='lat' dir='ltr'><strong>divim·</strong></span> 
     </span>
     <span class='ocr_line' id='line_1_13' title="bbox 293 971 719 1022; baseline -0.012 -9"><span class='ocrx_word' id='word_1_85' title='bbox 293 975 547 1013; x_wconf 68' lang='lat' dir='ltr'><strong>coucismatort</strong></span> <span class='ocrx_word' id='word_1_86' title='bbox 558 971 719 1022; x_wconf 76' lang='lat' dir='ltr'><strong>fideliss.</strong></span> 
     </span>
     <span class='ocr_line' id='line_1_14' title="bbox 630 1035 774 1083; baseline -0.007 -12"><span class='ocrx_word' id='word_1_87' title='bbox 630 1035 774 1083; x_wconf 78' lang='lat' dir='ltr'><strong>Tiguri.</strong></span> 
     </span>
    </p>
   </div>
   <div class='ocr_carea' id='block_1_5' title="bbox 693 1286 1150 1329">
    <p class='ocr_par' dir='ltr' id='par_1_5' title="bbox 693 1286 1150 1329">
     <span class='ocr_line' id='line_1_15' title="bbox 693 1286 1150 1329; baseline 0.004 -2"><span class='ocrx_word' id='word_1_88' title='bbox 693 1286 986 1327; x_wconf 85' lang='lat' dir='ltr'><strong>EPISTOLA</strong></span> <span class='ocrx_word' id='word_1_89' title='bbox 1026 1287 1150 1329; x_wconf 87' lang='lat' dir='ltr'>LIX.</span> 
     </span>
    </p>
   </div>
   <div class='ocr_carea' id='block_1_6' title="bbox 816 1393 998 1398">
    <p class='ocr_par' dir='ltr' id='par_1_6' title="bbox 816 1393 998 1398">
     <span class='ocr_line' id='line_1_16' title="bbox 816 1393 998 1398; baseline 0 0"><span class='ocrx_word' id='word_1_90' title='bbox 816 1393 998 1398; x_wconf 95' lang='lat' dir='ltr'><strong> </strong></span> 
     </span>
    </p>
   </div>
   <div class='ocr_carea' id='block_1_7' title="bbox 217 1452 1618 1487">
    <p class='ocr_par' dir='ltr' id='par_1_7' title="bbox 217 1452 1618 1487">
     <span class='ocr_line' id='line_1_17' title="bbox 217 1452 1618 1487; baseline -0.001 -1"><span class='ocrx_word' id='word_1_91' title='bbox 217 1454 467 1487; x_wconf 82' lang='lat' dir='ltr'><strong>JOHANNES</strong></span> <span class='ocrx_word' id='word_1_92' title='bbox 497 1453 843 1484; x_wconf 79' lang='lat' dir='ltr'>PARKHURSTUS</span> <span class='ocrx_word' id='word_1_93' title='bbox 871 1454 939 1484; x_wconf 87' lang='lat' dir='ltr'><strong>AD</strong></span> <span class='ocrx_word' id='word_1_94' title='bbox 966 1452 1223 1484; x_wconf 83' lang='lat' dir='ltr'><strong>HENRICUM</strong></span> <span class='ocrx_word' id='word_1_95' title='bbox 1254 1452 1618 1486; x_wconf 82' lang='lat' dir='ltr'><strong>BULLINGERUM.</strong></span> 
     </span>
    </p>
   </div>
   <div class='ocr_carea' id='block_1_8' title="bbox 147 1533 1702 2995">
    <p class='ocr_par' dir='ltr' id='par_1_8' title="bbox 147 1533 1701 2351">
     <span class='ocr_line' id='line_1_18' title="bbox 225 1533 1696 1585; baseline 0 -13"><span class='ocrx_word' id='word_1_96' title='bbox 225 1536 380 1573; x_wconf 50' lang='lat' dir='ltr'><strong>Simos</strong></span> <span class='ocrx_word' id='word_1_97' title='bbox 417 1535 466 1572; x_wconf 91' lang='lat' dir='ltr'><strong>sis</strong></span> <span class='ocrx_word' id='word_1_98' title='bbox 497 1535 535 1571; x_wconf 91' lang='lat' dir='ltr'><strong>in</strong></span> <span class='ocrx_word' id='word_1_99' title='bbox 565 1534 727 1579; x_wconf 91' lang='lat' dir='ltr'><strong>Christo,</strong></span> <span class='ocrx_word' id='word_1_100' title='bbox 758 1534 971 1572; x_wconf 86' lang='lat' dir='ltr'><strong>doctissime</strong></span> <span class='ocrx_word' id='word_1_101' title='bbox 1008 1534 1248 1584; x_wconf 83' lang='lat' dir='ltr'><strong>Bullingere!</strong></span> <span class='ocrx_word' id='word_1_102' title='bbox 1286 1536 1335 1570; x_wconf 75' lang='lat'><strong>26</strong></span> <span class='ocrx_word' id='word_1_103' title='bbox 1367 1533 1504 1585; x_wconf 88' lang='lat' dir='ltr'><strong>Aprilis</strong></span> <span class='ocrx_word' id='word_1_104' title='bbox 1533 1535 1617 1572; x_wconf 80' lang='lat' dir='ltr'><strong>(ledi</strong></span> <span class='ocrx_word' id='word_1_105' title='bbox 1650 1537 1696 1573; x_wconf 82' lang='lat' dir='ltr'><strong>ad</strong></span> 
     </span>
     <span class='ocr_line' id='line_1_19' title="bbox 148 1598 1698 1649; baseline 0.001 -12"><span class='ocrx_word' id='word_1_106' title='bbox 148 1608 184 1638; x_wconf 90' lang='lat' dir='ltr'><strong>te</strong></span> <span class='ocrx_word' id='word_1_107' title='bbox 210 1600 346 1644; x_wconf 86' lang='lat' dir='ltr'><strong>literas,</strong></span> <span class='ocrx_word' id='word_1_108' title='bbox 372 1612 461 1649; x_wconf 85' lang='lat' dir='ltr'><strong>quas</strong></span> <span class='ocrx_word' id='word_1_109' title='bbox 483 1612 589 1649; x_wconf 89' lang='lat' dir='ltr'><strong>spero</strong></span> <span class='ocrx_word' id='word_1_110' title='bbox 616 1604 653 1636; x_wconf 92' lang='lat' dir='ltr'><strong>te</strong></span> <span class='ocrx_word' id='word_1_111' title='bbox 681 1599 877 1649; x_wconf 86' lang='lat' dir='ltr'><strong>accepisse.</strong></span> <span class='ocrx_word' id='word_1_112' title='bbox 932 1598 1025 1636; x_wconf 75' lang='lat' dir='ltr'><strong>Tuae</strong></span> <span class='ocrx_word' id='word_1_113' title='bbox 1057 1604 1181 1636; x_wconf 88' lang='lat' dir='ltr'><strong>autem</strong></span> <span class='ocrx_word' id='word_1_114' title='bbox 1210 1601 1232 1634; x_wconf 93' lang='lat'>6</span> <span class='ocrx_word' id='word_1_115' title='bbox 1262 1598 1391 1636; x_wconf 83' lang='lat' dir='ltr'><strong>Martii</strong></span> <span class='ocrx_word' id='word_1_116' title='bbox 1419 1599 1578 1649; x_wconf 75' lang='lat' dir='ltr'><strong>scriptae,</strong></span> <span class='ocrx_word' id='word_1_117' title='bbox 1606 1600 1698 1638; x_wconf 88' lang='lat' dir='ltr'><strong>mihi</strong></span> 
     </span>
     <span class='ocr_line' id='line_1_20' title="bbox 148 1662 1697 1713; baseline 0 -12"><span class='ocrx_word' id='word_1_118' title='bbox 148 1664 293 1701; x_wconf 73' lang='lat' dir='ltr'><strong>traditae</strong></span> <span class='ocrx_word' id='word_1_119' title='bbox 319 1669 404 1700; x_wconf 90' lang='lat' dir='ltr'><strong>sunt</strong></span> <span class='ocrx_word' id='word_1_120' title='bbox 430 1666 478 1699; x_wconf 74' lang='lat'><strong>23</strong></span> <span class='ocrx_word' id='word_1_121' title='bbox 508 1662 621 1707; x_wconf 76' lang='lat' dir='ltr'><strong>Maii3</strong></span> <span class='ocrx_word' id='word_1_122' title='bbox 650 1663 856 1713; x_wconf 78' lang='lat' dir='ltr'><strong>exemplum</strong></span> <span class='ocrx_word' id='word_1_123' title='bbox 876 1668 999 1700; x_wconf 86' lang='lat' dir='ltr'><strong>autem</strong></span> <span class='ocrx_word' id='word_1_124' title='bbox 1024 1668 1100 1700; x_wconf 79' lang='lat' dir='ltr'><strong>tuae</strong></span> <span class='ocrx_word' id='word_1_125' title='bbox 1125 1662 1378 1712; x_wconf 84' lang='lat' dir='ltr'><strong>responsionis</strong></span> <span class='ocrx_word' id='word_1_126' title='bbox 1403 1664 1573 1700; x_wconf 82' lang='lat' dir='ltr'><strong>secundae</strong></span> <span class='ocrx_word' id='word_1_127' title='bbox 1600 1664 1697 1701; x_wconf 68' lang='lat' dir='ltr'><strong>data:</strong></span> 
     </span>
     <span class='ocr_line' id='line_1_21' title="bbox 150 1726 1696 1777; baseline -0.001 -11"><span class='ocrx_word' id='word_1_128' title='bbox 150 1727 302 1766; x_wconf 89' lang='lat' dir='ltr'><strong>Brentio</strong></span> <span class='ocrx_word' id='word_1_129' title='bbox 332 1740 407 1764; x_wconf 89' lang='lat' dir='ltr'><strong>non</strong></span> <span class='ocrx_word' id='word_1_130' title='bbox 442 1727 578 1777; x_wconf 87' lang='lat' dir='ltr'><strong>accepi,</strong></span> <span class='ocrx_word' id='word_1_131' title='bbox 606 1726 659 1763; x_wconf 86' lang='lat' dir='ltr'><strong>uti</strong></span> <span class='ocrx_word' id='word_1_132' title='bbox 697 1726 833 1763; x_wconf 88' lang='lat' dir='ltr'><strong>scribis.</strong></span> <span class='ocrx_word' id='word_1_133' title='bbox 889 1726 990 1771; x_wconf 89' lang='lat' dir='ltr'><strong>Quid</strong></span> <span class='ocrx_word' id='word_1_134' title='bbox 1021 1726 1202 1776; x_wconf 87' lang='lat' dir='ltr'><strong>imprecor</strong></span> <span class='ocrx_word' id='word_1_135' title='bbox 1231 1726 1442 1777; x_wconf 85' lang='lat' dir='ltr'><strong>hujusmodi</strong></span> <span class='ocrx_word' id='word_1_136' title='bbox 1471 1726 1696 1771; x_wconf 85' lang='lat' dir='ltr'><strong>hominibus,</strong></span> 
     </span>
     <span class='ocr_line' id='line_1_22' title="bbox 150 1789 1698 1842; baseline 0 -14"><span class='ocrx_word' id='word_1_137' title='bbox 150 1792 211 1842; x_wconf 91' lang='lat' dir='ltr'><strong>qui</strong></span> <span class='ocrx_word' id='word_1_138' title='bbox 234 1796 375 1828; x_wconf 85' lang='lat' dir='ltr'><strong>tantum</strong></span> <span class='ocrx_word' id='word_1_139' title='bbox 401 1789 492 1827; x_wconf 85' lang='lat' dir='ltr'><strong>mihi</strong></span> <span class='ocrx_word' id='word_1_140' title='bbox 520 1790 720 1840; x_wconf 82' lang='lat' dir='ltr'><strong>surripuere</strong></span> <span class='ocrx_word' id='word_1_141' title='bbox 745 1789 985 1827; x_wconf 81' lang='lat' dir='ltr'><strong>thesaurum?</strong></span> <span class='ocrx_word' id='word_1_142' title='bbox 1035 1791 1074 1828; x_wconf 86' lang='lat' dir='ltr'><strong>Si</strong></span> <span class='ocrx_word' id='word_1_143' title='bbox 1094 1803 1176 1828; x_wconf 90' lang='lat' dir='ltr'><strong>cum</strong></span> <span class='ocrx_word' id='word_1_144' title='bbox 1200 1790 1314 1828; x_wconf 86' lang='lat' dir='ltr'><strong>literis</strong></span> <span class='ocrx_word' id='word_1_145' title='bbox 1334 1791 1502 1828; x_wconf 89' lang='lat' dir='ltr'><strong>Gualteri</strong></span> <span class='ocrx_word' id='word_1_146' title='bbox 1530 1791 1698 1828; x_wconf 88' lang='lat' dir='ltr'><strong>Lavateri</strong></span> 
     </span>
     <span class='ocr_line' id='line_1_23' title="bbox 150 1854 1698 1906; baseline 0.001 -14"><span class='ocrx_word' id='word_1_147' title='bbox 150 1862 187 1892; x_wconf 84' lang='lat' dir='ltr'><strong>et</strong></span> <span class='ocrx_word' id='word_1_148' title='bbox 219 1855 360 1892; x_wconf 88' lang='lat' dir='ltr'><strong>Simleri</strong></span> <span class='ocrx_word' id='word_1_149' title='bbox 391 1855 556 1905; x_wconf 78' lang='lat' dir='ltr'><strong>ligasseS,</strong></span> <span class='ocrx_word' id='word_1_150' title='bbox 583 1860 663 1891; x_wconf 88' lang='lat' dir='ltr'><strong>tuto</strong></span> <span class='ocrx_word' id='word_1_151' title='bbox 692 1855 737 1891; x_wconf 81' lang='lat' dir='ltr'><strong>ad</strong></span> <span class='ocrx_word' id='word_1_152' title='bbox 765 1867 894 1892; x_wconf 86' lang='lat' dir='ltr'><strong>manus</strong></span> <span class='ocrx_word' id='word_1_153' title='bbox 925 1867 1028 1892; x_wconf 89' lang='lat' dir='ltr'><strong>meas</strong></span> <span class='ocrx_word' id='word_1_154' title='bbox 1054 1855 1291 1905; x_wconf 83' lang='lat' dir='ltr'><strong>pervenisset.</strong></span> <span class='ocrx_word' id='word_1_155' title='bbox 1346 1856 1429 1906; x_wconf 86' lang='lat' dir='ltr'><strong>Ego</strong></span> <span class='ocrx_word' id='word_1_156' title='bbox 1458 1854 1549 1892; x_wconf 90' lang='lat' dir='ltr'><strong>nihil</strong></span> <span class='ocrx_word' id='word_1_157' title='bbox 1581 1855 1698 1893; x_wconf 86' lang='lat' dir='ltr'><strong>adhuc</strong></span> 
     </span>
     <span class='ocr_line' id='line_1_24' title="bbox 148 1918 1697 1969; baseline 0.001 -14"><span class='ocrx_word' id='word_1_158' title='bbox 148 1919 232 1963; x_wconf 82' lang='lat' dir='ltr'><strong>vidi,</strong></span> <span class='ocrx_word' id='word_1_159' title='bbox 263 1919 360 1969; x_wconf 88' lang='lat' dir='ltr'><strong>quod</strong></span> <span class='ocrx_word' id='word_1_160' title='bbox 389 1918 531 1969; x_wconf 80' lang='lat' dir='ltr'><strong>scripsit</strong></span> <span class='ocrx_word' id='word_1_161' title='bbox 561 1918 734 1956; x_wconf 86' lang='lat' dir='ltr'><strong>Brentius</strong></span> <span class='ocrx_word' id='word_1_162' title='bbox 758 1918 948 1956; x_wconf 86' lang='lat' dir='ltr'><strong>adversum</strong></span> <span class='ocrx_word' id='word_1_163' title='bbox 974 1924 1011 1956; x_wconf 86' lang='lat' dir='ltr'><strong>te</strong></span> <span class='ocrx_word' id='word_1_164' title='bbox 1040 1919 1096 1956; x_wconf 90' lang='lat' dir='ltr'><strong>vel</strong></span> <span class='ocrx_word' id='word_1_165' title='bbox 1129 1919 1175 1956; x_wconf 94' lang='lat' dir='ltr'><strong>D.</strong></span> <span class='ocrx_word' id='word_1_166' title='bbox 1203 1919 1421 1969; x_wconf 89' lang='lat' dir='ltr'><strong>Martyrem‚</strong></span> <span class='ocrx_word' id='word_1_167' title='bbox 1448 1933 1517 1957; x_wconf 87' lang='lat' dir='ltr'><strong>nec</strong></span> <span class='ocrx_word' id='word_1_168' title='bbox 1541 1920 1697 1957; x_wconf 86' lang='lat' dir='ltr'><strong>multum</strong></span> 
     </span>
     <span class='ocr_line' id='line_1_25' title="bbox 147 1982 1696 2033; baseline 0.001 -14"><span class='ocrx_word' id='word_1_169' title='bbox 147 1982 355 2032; x_wconf 78' lang='lat' dir='ltr'><strong>hujusmodi</strong></span> <span class='ocrx_word' id='word_1_170' title='bbox 380 1983 515 2032; x_wconf 85' lang='lat' dir='ltr'><strong>scripta</strong></span> <span class='ocrx_word' id='word_1_171' title='bbox 534 1983 591 2020; x_wconf 86' lang='lat' dir='ltr'><strong>vel</strong></span> <span class='ocrx_word' id='word_1_172' title='bbox 613 1982 753 2020; x_wconf 70' lang='lat' dir='ltr'><strong>naenias</strong></span> <span class='ocrx_word' id='word_1_173' title='bbox 780 1996 915 2021; x_wconf 86' lang='lat' dir='ltr'><strong>moror.</strong></span> <span class='ocrx_word' id='word_1_174' title='bbox 971 1983 1115 2020; x_wconf 84' lang='lat' dir='ltr'><strong>Literas</strong></span> <span class='ocrx_word' id='word_1_175' title='bbox 1140 1989 1222 2020; x_wconf 90' lang='lat' dir='ltr'><strong>tuas</strong></span> <span class='ocrx_word' id='word_1_176' title='bbox 1247 1984 1399 2033; x_wconf 86' lang='lat' dir='ltr'><strong>scriptas</strong></span> <span class='ocrx_word' id='word_1_177' title='bbox 1432 1985 1478 2020; x_wconf 88' lang='lat'><strong>16</strong></span> <span class='ocrx_word' id='word_1_178' title='bbox 1509 1983 1696 2027; x_wconf 89' lang='lat' dir='ltr'><strong>Octobris,</strong></span> 
     </span>
     <span class='ocr_line' id='line_1_26' title="bbox 151 2046 1700 2098; baseline 0.001 -15"><span class='ocrx_word' id='word_1_179' title='bbox 151 2048 263 2091; x_wconf 69' lang='lat'><strong>1562,</strong></span> <span class='ocrx_word' id='word_1_180' title='bbox 282 2048 330 2082; x_wconf 74' lang='lat'><strong>27</strong></span> <span class='ocrx_word' id='word_1_181' title='bbox 349 2046 498 2083; x_wconf 85' lang='lat' dir='ltr'><strong>tandem</strong></span> <span class='ocrx_word' id='word_1_182' title='bbox 517 2046 575 2083; x_wconf 86' lang='lat' dir='ltr'><strong>die</strong></span> <span class='ocrx_word' id='word_1_183' title='bbox 592 2047 614 2084; x_wconf 84' lang='lat' dir='ltr'><strong><em>J</em></strong></span> <span class='ocrx_word' id='word_1_184' title='bbox 619 2046 695 2083; x_wconf 90' lang='lat' dir='ltr'><strong>unii</strong></span> <span class='ocrx_word' id='word_1_185' title='bbox 716 2047 851 2097; x_wconf 87' lang='lat' dir='ltr'><strong>accepi.</strong></span> <span class='ocrx_word' id='word_1_186' title='bbox 910 2047 1097 2098; x_wconf 89' lang='lat' dir='ltr'><strong>Hyperius</strong></span> <span class='ocrx_word' id='word_1_187' title='bbox 1123 2047 1225 2084; x_wconf 88' lang='lat' dir='ltr'><strong>misit</strong></span> <span class='ocrx_word' id='word_1_188' title='bbox 1249 2048 1456 2094; x_wconf 86' lang='lat' dir='ltr'><strong>Lunckero,</strong></span> <span class='ocrx_word' id='word_1_189' title='bbox 1488 2048 1700 2086; x_wconf 81' lang='lat' dir='ltr'><strong>Lunckerus</strong></span> 
     </span>
     <span class='ocr_line' id='line_1_27' title="bbox 149 2109 1698 2164; baseline 0.003 -18"><span class='ocrx_word' id='word_1_190' title='bbox 149 2110 253 2155; x_wconf 86' lang='lat' dir='ltr'><strong>mihi,</strong></span> <span class='ocrx_word' id='word_1_191' title='bbox 278 2123 385 2160; x_wconf 84' lang='lat' dir='ltr'><strong>quem</strong></span> <span class='ocrx_word' id='word_1_192' title='bbox 404 2109 467 2149; x_wconf 87' lang='lat' dir='ltr'><strong>diu</strong></span> <span class='ocrx_word' id='word_1_193' title='bbox 490 2123 566 2148; x_wconf 91' lang='lat' dir='ltr'><strong>non</strong></span> <span class='ocrx_word' id='word_1_194' title='bbox 590 2110 675 2147; x_wconf 77' lang='lat' dir='ltr'><strong>vidi.</strong></span> <span class='ocrx_word' id='word_1_195' title='bbox 730 2111 802 2148; x_wconf 80' lang='lat' dir='ltr'><strong>Sed</strong></span> <span class='ocrx_word' id='word_1_196' title='bbox 826 2111 1003 2162; x_wconf 86' lang='lat' dir='ltr'><strong>pecunias</strong></span> <span class='ocrx_word' id='word_1_197' title='bbox 1024 2112 1070 2149; x_wconf 86' lang='lat' dir='ltr'><strong>ad</strong></span> <span class='ocrx_word' id='word_1_198' title='bbox 1088 2125 1170 2149; x_wconf 90' lang='lat' dir='ltr'><strong>eum</strong></span> <span class='ocrx_word' id='word_1_199' title='bbox 1194 2112 1279 2150; x_wconf 89' lang='lat' dir='ltr'><strong>misi</strong></span> <span class='ocrx_word' id='word_1_200' title='bbox 1297 2114 1320 2149; x_wconf 89' lang='grc'>4</span> <span class='ocrx_word' id='word_1_201' title='bbox 1339 2113 1449 2150; x_wconf 88' lang='lat' dir='ltr'><strong>Julii:</strong></span> <span class='ocrx_word' id='word_1_202' title='bbox 1477 2114 1555 2164; x_wconf 88' lang='lat' dir='ltr'><strong>ejus</strong></span> <span class='ocrx_word' id='word_1_203' title='bbox 1574 2113 1621 2150; x_wconf 84' lang='lat' dir='ltr'><strong>ad</strong></span> <span class='ocrx_word' id='word_1_204' title='bbox 1638 2126 1698 2150; x_wconf 85' lang='lat' dir='ltr'><strong>me</strong></span> 
     </span>
     <span class='ocr_line' id='line_1_28' title="bbox 148 2173 1701 2228; baseline 0.002 -18"><span class='ocrx_word' id='word_1_205' title='bbox 148 2174 268 2211; x_wconf 83' lang='lat' dir='ltr'><strong>literas</strong></span> <span class='ocrx_word' id='word_1_206' title='bbox 300 2173 413 2211; x_wconf 87' lang='lat' dir='ltr'><strong>habes</strong></span> <span class='ocrx_word' id='word_1_207' title='bbox 441 2173 500 2211; x_wconf 89' lang='lat' dir='ltr'><strong>hic</strong></span> <span class='ocrx_word' id='word_1_208' title='bbox 530 2173 699 2220; x_wconf 88' lang='lat' dir='ltr'><strong>inclusas,</strong></span> <span class='ocrx_word' id='word_1_209' title='bbox 729 2187 775 2212; x_wconf 81' lang='lat' dir='ltr'><strong>ex</strong></span> <span class='ocrx_word' id='word_1_210' title='bbox 807 2176 937 2225; x_wconf 87' lang='lat' dir='ltr'><strong>quibus</strong></span> <span class='ocrx_word' id='word_1_211' title='bbox 965 2189 1190 2226; x_wconf 81' lang='lat' dir='ltr'><strong>cognoscere</strong></span> <span class='ocrx_word' id='word_1_212' title='bbox 1222 2177 1352 2228; x_wconf 86' lang='lat' dir='ltr'><strong>possis,</strong></span> <span class='ocrx_word' id='word_1_213' title='bbox 1383 2190 1493 2228; x_wconf 86' lang='lat' dir='ltr'><strong>quam</strong></span> <span class='ocrx_word' id='word_1_214' title='bbox 1524 2178 1634 2215; x_wconf 89' lang='lat' dir='ltr'><strong>duros</strong></span> <span class='ocrx_word' id='word_1_215' title='bbox 1663 2184 1701 2214; x_wconf 84' lang='lat' dir='ltr'><strong>et</strong></span> 
     </span>
     <span class='ocr_line' id='line_1_29' title="bbox 150 2237 1700 2292; baseline 0.003 -18"><span class='ocrx_word' id='word_1_216' title='bbox 150 2237 391 2275; x_wconf 82' lang='lat' dir='ltr'><strong>inexorabiles</strong></span> <span class='ocrx_word' id='word_1_217' title='bbox 415 2237 548 2275; x_wconf 82' lang='lat' dir='ltr'><strong>habeat</strong></span> <span class='ocrx_word' id='word_1_218' title='bbox 566 2238 712 2288; x_wconf 83' lang='lat' dir='ltr'><strong>collegii</strong></span> <span class='ocrx_word' id='word_1_219' title='bbox 729 2239 938 2289; x_wconf 78' lang='lat' dir='ltr'><strong>praefectos,</strong></span> <span class='ocrx_word' id='word_1_220' title='bbox 961 2254 983 2277; x_wconf 90' lang='lat' dir='ltr'><strong>a</strong></span> <span class='ocrx_word' id='word_1_221' title='bbox 1004 2240 1133 2291; x_wconf 87' lang='lat' dir='ltr'><strong>quibus</strong></span> <span class='ocrx_word' id='word_1_222' title='bbox 1151 2241 1295 2279; x_wconf 90' lang='lat' dir='ltr'><strong>veniam</strong></span> <span class='ocrx_word' id='word_1_223' title='bbox 1321 2241 1480 2279; x_wconf 88' lang='lat' dir='ltr'><strong>abeundi</strong></span> <span class='ocrx_word' id='word_1_224' title='bbox 1504 2241 1700 2292; x_wconf 84' lang='lat' dir='ltr'><strong>impetrare</strong></span> 
     </span>
     <span class='ocr_line' id='line_1_30' title="bbox 150 2302 378 2351; baseline -0.004 -12"><span class='ocrx_word' id='word_1_225' title='bbox 150 2314 224 2339; x_wconf 86' lang='lat' dir='ltr'><strong>uon</strong></span> <span class='ocrx_word' id='word_1_226' title='bbox 251 2302 378 2351; x_wconf 87' lang='lat' dir='ltr'><strong>possit.</strong></span> 
     </span>
    </p>

    <p class='ocr_par' dir='ltr' id='par_1_9' title="bbox 152 2363 1702 2995">
     <span class='ocr_line' id='line_1_31' title="bbox 228 2363 1699 2420; baseline 0.003 -19"><span class='ocrx_word' id='word_1_227' title='bbox 228 2363 327 2402; x_wconf 91' lang='lat' dir='ltr'><strong>Ante</strong></span> <span class='ocrx_word' id='word_1_228' title='bbox 368 2366 542 2416; x_wconf 86' lang='lat' dir='ltr'><strong>pauculos</strong></span> <span class='ocrx_word' id='word_1_229' title='bbox 583 2366 695 2404; x_wconf 86' lang='lat' dir='ltr'><strong>hosce</strong></span> <span class='ocrx_word' id='word_1_230' title='bbox 737 2367 814 2405; x_wconf 90' lang='lat' dir='ltr'><strong>dies</strong></span> <span class='ocrx_word' id='word_1_231' title='bbox 854 2368 956 2405; x_wconf 90' lang='lat' dir='ltr'><strong>venit</strong></span> <span class='ocrx_word' id='word_1_232' title='bbox 995 2369 1042 2406; x_wconf 88' lang='lat' dir='ltr'><strong>ad</strong></span> <span class='ocrx_word' id='word_1_233' title='bbox 1084 2382 1142 2408; x_wconf 89' lang='lat' dir='ltr'><strong>me</strong></span> <span class='ocrx_word' id='word_1_234' title='bbox 1179 2369 1326 2420; x_wconf 87' lang='lat' dir='ltr'><strong>juvenis</strong></span> <span class='ocrx_word' id='word_1_235' title='bbox 1362 2370 1511 2420; x_wconf 90' lang='lat' dir='ltr'><strong>quidam</strong></span> <span class='ocrx_word' id='word_1_236' title='bbox 1554 2369 1699 2412; x_wconf 84' lang='lat' dir='ltr'><strong>Scotus,</strong></span> 
     </span>
     <span class='ocr_line' id='line_1_32' title="bbox 152 2428 1698 2485; baseline 0.005 -21"><span class='ocrx_word' id='word_1_237' title='bbox 152 2428 390 2465; x_wconf 87' lang='lat' dir='ltr'><strong>concionator</strong></span> <span class='ocrx_word' id='word_1_238' title='bbox 418 2429 590 2479; x_wconf 72' lang='lat' dir='ltr'><strong>optimus,</strong></span> <span class='ocrx_word' id='word_1_239' title='bbox 615 2432 889 2469; x_wconf 81' lang='lat' dir='ltr'><strong>commendatus</strong></span> <span class='ocrx_word' id='word_1_240' title='bbox 920 2432 1011 2469; x_wconf 91' lang='lat' dir='ltr'><strong>mihi</strong></span> <span class='ocrx_word' id='word_1_241' title='bbox 1039 2433 1154 2470; x_wconf 87' lang='lat' dir='ltr'><strong>literis</strong></span> <span class='ocrx_word' id='word_1_242' title='bbox 1185 2433 1366 2471; x_wconf 87' lang='lat' dir='ltr'><strong>Grindalli</strong></span> <span class='ocrx_word' id='word_1_243' title='bbox 1403 2433 1567 2485; x_wconf 89' lang='lat' dir='ltr'><strong>episcopi</strong></span> <span class='ocrx_word' id='word_1_244' title='bbox 1598 2434 1698 2471; x_wconf 87' lang='lat' dir='ltr'><strong>Lon-</strong></span> 
     </span>
     <span class='ocr_line' id='line_1_33' title="bbox 153 2491 1699 2547; baseline 0.003 -20"><span class='ocrx_word' id='word_1_245' title='bbox 153 2491 313 2528; x_wconf 83' lang='lat' dir='ltr'><strong>dinensis</strong></span> <span class='ocrx_word' id='word_1_246' title='bbox 348 2497 385 2529; x_wconf 84' lang='lat' dir='ltr'><strong>et</strong></span> <span class='ocrx_word' id='word_1_247' title='bbox 422 2492 616 2531; x_wconf 87' lang='lat' dir='ltr'><strong>Coverdali</strong></span> <span class='ocrx_word' id='word_1_248' title='bbox 651 2496 836 2545; x_wconf 86' lang='lat' dir='ltr'><strong>quondam</strong></span> <span class='ocrx_word' id='word_1_249' title='bbox 874 2496 1107 2534; x_wconf 87' lang='lat' dir='ltr'><strong>Exoniensis.</strong></span> <span class='ocrx_word' id='word_1_250' title='bbox 1174 2498 1213 2535; x_wconf 92' lang='lat' dir='ltr'><strong>Is</strong></span> <span class='ocrx_word' id='word_1_251' title='bbox 1249 2498 1287 2535; x_wconf 92' lang='lat' dir='ltr'><strong>in</strong></span> <span class='ocrx_word' id='word_1_252' title='bbox 1324 2511 1407 2535; x_wconf 87' lang='lat' dir='ltr'><strong>mea</strong></span> <span class='ocrx_word' id='word_1_253' title='bbox 1440 2497 1590 2535; x_wconf 86' lang='lat' dir='ltr'><strong>dioecesi</strong></span> <span class='ocrx_word' id='word_1_254' title='bbox 1621 2497 1699 2547; x_wconf 84' lang='lat' dir='ltr'><strong>jam</strong></span> 
     </span>
     <span class='ocr_line' id='line_1_34' title="bbox 154 2554 1699 2611; baseline 0.005 -22"><span class='ocrx_word' id='word_1_255' title='bbox 154 2554 246 2602; x_wconf 85' lang='lat' dir='ltr'><strong>agit,</strong></span> <span class='ocrx_word' id='word_1_256' title='bbox 282 2555 452 2593; x_wconf 87' lang='lat' dir='ltr'><strong>nimirum</strong></span> <span class='ocrx_word' id='word_1_257' title='bbox 488 2558 623 2608; x_wconf 88' lang='lat' dir='ltr'><strong>oppido</strong></span> <span class='ocrx_word' id='word_1_258' title='bbox 655 2559 840 2596; x_wconf 87' lang='lat' dir='ltr'><strong>maritimo</strong></span> <span class='ocrx_word' id='word_1_259' title='bbox 868 2560 964 2610; x_wconf 89' lang='lat' dir='ltr'><strong>quod</strong></span> <span class='ocrx_word' id='word_1_260' title='bbox 990 2567 1142 2598; x_wconf 86' lang='lat' dir='ltr'><strong>vocatur</strong></span> <span class='ocrx_word' id='word_1_261' title='bbox 1168 2563 1294 2611; x_wconf 73' lang='lat' dir='ltr'><strong>Lymz.</strong></span> <span class='ocrx_word' id='word_1_262' title='bbox 1348 2562 1457 2600; x_wconf 86' lang='lat' dir='ltr'><strong>Nova</strong></span> <span class='ocrx_word' id='word_1_263' title='bbox 1491 2561 1575 2598; x_wconf 75' lang='lat' dir='ltr'><strong>haec</strong></span> <span class='ocrx_word' id='word_1_264' title='bbox 1609 2560 1699 2598; x_wconf 87' lang='lat' dir='ltr'><strong>mihi</strong></span> 
     </span>
     <span class='ocr_line' id='line_1_35' title="bbox 154 2617 1701 2676; baseline 0.006 -24"><span class='ocrx_word' id='word_1_265' title='bbox 154 2617 335 2654; x_wconf 84' lang='lat' dir='ltr'><strong>nuntiavit</strong></span> <span class='ocrx_word' id='word_1_266' title='bbox 369 2632 389 2655; x_wconf 88' lang='lat' dir='ltr'><strong>e</strong></span> <span class='ocrx_word' id='word_1_267' title='bbox 426 2619 570 2657; x_wconf 86' lang='lat' dir='ltr'><strong>Scotia:</strong></span> <span class='ocrx_word' id='word_1_268' title='bbox 624 2621 934 2674; x_wconf 86' lang='lat' dir='ltr'><strong>Archiepiscopus</strong></span> <span class='ocrx_word' id='word_1_269' title='bbox 968 2624 1005 2661; x_wconf 88' lang='lat' dir='ltr'><strong>S.</strong></span> <span class='ocrx_word' id='word_1_270' title='bbox 1038 2624 1212 2671; x_wconf 73' lang='lat' dir='ltr'><strong>Andreae,</strong></span> <span class='ocrx_word' id='word_1_271' title='bbox 1248 2626 1334 2676; x_wconf 86' lang='lat' dir='ltr'><strong>quia</strong></span> <span class='ocrx_word' id='word_1_272' title='bbox 1368 2625 1508 2664; x_wconf 86' lang='lat' dir='ltr'><strong>audivit</strong></span> <span class='ocrx_word' id='word_1_273' title='bbox 1537 2625 1701 2669; x_wconf 86' lang='lat' dir='ltr'><strong>missam,</strong></span> 
     </span>
     <span class='ocr_line' id='line_1_36' title="bbox 156 2681 1700 2740; baseline 0.006 -25"><span class='ocrx_word' id='word_1_274' title='bbox 156 2681 421 2718; x_wconf 83' lang='lat' dir='ltr'><strong>condemnatus</strong></span> <span class='ocrx_word' id='word_1_275' title='bbox 452 2689 507 2720; x_wconf 90' lang='lat' dir='ltr'><strong>est</strong></span> <span class='ocrx_word' id='word_1_276' title='bbox 530 2685 576 2721; x_wconf 81' lang='lat' dir='ltr'><strong>ad</strong></span> <span class='ocrx_word' id='word_1_277' title='bbox 603 2692 783 2732; x_wconf 81' lang='lat' dir='ltr'><strong>mortem3</strong></span> <span class='ocrx_word' id='word_1_278' title='bbox 814 2687 885 2725; x_wconf 89' lang='lat' dir='ltr'><strong>duo</strong></span> <span class='ocrx_word' id='word_1_279' title='bbox 913 2688 971 2725; x_wconf 90' lang='lat' dir='ltr'><strong>vel</strong></span> <span class='ocrx_word' id='word_1_280' title='bbox 994 2694 1068 2726; x_wconf 89' lang='lat' dir='ltr'><strong>tres</strong></span> <span class='ocrx_word' id='word_1_281' title='bbox 1096 2702 1267 2740; x_wconf 87' lang='lat' dir='ltr'><strong>proceres</strong></span> <span class='ocrx_word' id='word_1_282' title='bbox 1296 2691 1342 2727; x_wconf 85' lang='lat' dir='ltr'><strong>ob</strong></span> <span class='ocrx_word' id='word_1_283' title='bbox 1374 2689 1525 2727; x_wconf 85' lang='lat' dir='ltr'><strong>eandem</strong></span> <span class='ocrx_word' id='word_1_284' title='bbox 1554 2701 1700 2726; x_wconf 87' lang='lat' dir='ltr'><strong>causam</strong></span> 
     </span>
     <span class='ocr_line' id='line_1_37' title="bbox 155 2745 1702 2798; baseline 0.006 -18"><span class='ocrx_word' id='word_1_285' title='bbox 155 2745 311 2793; x_wconf 89' lang='lat' dir='ltr'><strong>conjecti</strong></span> <span class='ocrx_word' id='word_1_286' title='bbox 336 2746 373 2782; x_wconf 91' lang='lat' dir='ltr'><strong>in</strong></span> <span class='ocrx_word' id='word_1_287' title='bbox 399 2759 589 2785; x_wconf 83' lang='lat' dir='ltr'><strong>carcerem.</strong></span> <span class='ocrx_word' id='word_1_288' title='bbox 646 2749 691 2786; x_wconf 89' lang='lat' dir='ltr'><strong>In</strong></span> <span class='ocrx_word' id='word_1_289' title='bbox 719 2750 965 2789; x_wconf 82' lang='lat' dir='ltr'><strong>Parliamento</strong></span> <span class='ocrx_word' id='word_1_290' title='bbox 991 2752 1244 2798; x_wconf 86' lang='lat' dir='ltr'><strong>decreverunt,</strong></span> <span class='ocrx_word' id='word_1_291' title='bbox 1272 2759 1314 2790; x_wconf 93' lang='lat' dir='ltr'><strong>ut</strong></span> <span class='ocrx_word' id='word_1_292' title='bbox 1338 2754 1556 2791; x_wconf 85' lang='lat' dir='ltr'><strong>adulterium</strong></span> <span class='ocrx_word' id='word_1_293' title='bbox 1583 2758 1702 2790; x_wconf 84' lang='lat' dir='ltr'><strong>morte</strong></span> 
     </span>
     <span class='ocr_line' id='line_1_38' title="bbox 155 2808 1701 2868; baseline 0.006 -25"><span class='ocrx_word' id='word_1_294' title='bbox 155 2808 334 2857; x_wconf 86' lang='lat' dir='ltr'><strong>puniatur.</strong></span> <span class='ocrx_word' id='word_1_295' title='bbox 390 2808 536 2859; x_wconf 79' lang='lat' dir='ltr'><strong>Regina</strong></span> <span class='ocrx_word' id='word_1_296' title='bbox 559 2812 696 2850; x_wconf 73' lang='lat' dir='ltr'><strong>Scotiue</strong></span> <span class='ocrx_word' id='word_1_297' title='bbox 720 2813 802 2851; x_wconf 76' lang='lat' dir='ltr'><strong>haec</strong></span> <span class='ocrx_word' id='word_1_298' title='bbox 826 2815 896 2852; x_wconf 89' lang='lat' dir='ltr'><strong>tria</strong></span> <span class='ocrx_word' id='word_1_299' title='bbox 921 2816 1131 2865; x_wconf 86' lang='lat' dir='ltr'><strong>postulabat</strong></span> <span class='ocrx_word' id='word_1_300' title='bbox 1153 2817 1193 2854; x_wconf 89' lang='lat' dir='ltr'><strong>in</strong></span> <span class='ocrx_word' id='word_1_301' title='bbox 1217 2818 1328 2855; x_wconf 90' lang='lat' dir='ltr'><strong>domo</strong></span> <span class='ocrx_word' id='word_1_302' title='bbox 1352 2817 1637 2868; x_wconf 84' lang='lat' dir='ltr'><strong>parliamentari,</strong></span> <span class='ocrx_word' id='word_1_303' title='bbox 1670 2819 1701 2853; x_wconf 88' lang='lat' dir='ltr'><strong>l.</strong></span> 
     </span>
     <span class='ocr_line' id='line_1_39' title="bbox 156 2872 1701 2931; baseline 0.006 -24"><span class='ocrx_word' id='word_1_304' title='bbox 156 2877 196 2908; x_wconf 87' lang='lat' dir='ltr'><strong>ut</strong></span> <span class='ocrx_word' id='word_1_305' title='bbox 220 2872 348 2909; x_wconf 88' lang='lat' dir='ltr'><strong>missas</strong></span> <span class='ocrx_word' id='word_1_306' title='bbox 374 2872 408 2909; x_wconf 90' lang='lat' dir='ltr'><strong>ei</strong></span> <span class='ocrx_word' id='word_1_307' title='bbox 435 2874 559 2911; x_wconf 84' lang='lat' dir='ltr'><strong>audire</strong></span> <span class='ocrx_word' id='word_1_308' title='bbox 587 2876 724 2923; x_wconf 85' lang='lat' dir='ltr'><strong>liceret,</strong></span> <span class='ocrx_word' id='word_1_309' title='bbox 752 2876 790 2914; x_wconf 80' lang='grc'><strong>2.</strong></span> <span class='ocrx_word' id='word_1_310' title='bbox 822 2884 863 2915; x_wconf 91' lang='lat' dir='ltr'><strong>ut</strong></span> <span class='ocrx_word' id='word_1_311' title='bbox 892 2885 1019 2917; x_wconf 86' lang='lat' dir='ltr'><strong>contra</strong></span> <span class='ocrx_word' id='word_1_312' title='bbox 1046 2879 1194 2930; x_wconf 81' lang='lat' dir='ltr'><strong>Anglos</strong></span> <span class='ocrx_word' id='word_1_313' title='bbox 1221 2881 1357 2918; x_wconf 84' lang='lat' dir='ltr'><strong>bellum</strong></span> <span class='ocrx_word' id='word_1_314' title='bbox 1386 2894 1531 2919; x_wconf 91' lang='lat' dir='ltr'><strong>movere</strong></span> <span class='ocrx_word' id='word_1_315' title='bbox 1562 2885 1701 2931; x_wconf 85' lang='lat' dir='ltr'><strong>posset,</strong></span> 
     </span>
     <span class='ocr_line' id='line_1_40' title="bbox 157 2935 1702 2995; baseline 0.006 -24"><span class='ocrx_word' id='word_1_316' title='bbox 157 2938 191 2972; x_wconf 86' lang='lat'><strong>3.</strong></span> <span class='ocrx_word' id='word_1_317' title='bbox 230 2942 269 2972; x_wconf 90' lang='lat' dir='ltr'><strong>ut</strong></span> <span class='ocrx_word' id='word_1_318' title='bbox 304 2935 475 2974; x_wconf 85' lang='lat' dir='ltr'><strong>Germani</strong></span> <span class='ocrx_word' id='word_1_319' title='bbox 513 2936 701 2988; x_wconf 87' lang='lat' dir='ltr'><strong>(videlicet</strong></span> <span class='ocrx_word' id='word_1_320' title='bbox 741 2941 933 2994; x_wconf 85' lang='lat' dir='ltr'><strong>papistiei)</strong></span> <span class='ocrx_word' id='word_1_321' title='bbox 977 2944 1152 2982; x_wconf 88' lang='lat' dir='ltr'><strong>satellites</strong></span> <span class='ocrx_word' id='word_1_322' title='bbox 1193 2945 1231 2983; x_wconf 86' lang='lat' dir='ltr'><strong>in</strong></span> <span class='ocrx_word' id='word_1_323' title='bbox 1269 2945 1353 2982; x_wconf 88' lang='lat' dir='ltr'><strong>aula</strong></span> <span class='ocrx_word' id='word_1_324' title='bbox 1395 2951 1529 2990; x_wconf 84' lang='lat' dir='ltr'><strong>essent,</strong></span> <span class='ocrx_word' id='word_1_325' title='bbox 1574 2944 1702 2995; x_wconf 80' lang='lat' dir='ltr'><strong>quibus</strong></span> 
     </span>
    </p>
   </div>
  </div>
 </body>
</html>
