1845 3233
105 143 273 200 Lxxun]
581 157 635 184 AD
666 156 880 184 flmmeum
912 155 1216 182 BULLmGERum.
1614 139 1694 180 101

106 274 171 312 nio
191 273 284 311 nihil
303 272 425 312 solvit.
461 272 678 311 ,Iohannem
699 273 885 311 Knoxum
903 271 1052 321 Regina
1073 271 1161 308 urbe
1181 270 1415 320 Edhxburgo,
1435 269 1497 307 ubi
1515 267 1700 305 hactenus

107 338 302 389 primarius
331 337 403 375 fuit
434 337 619 383 minister,
651 350 729 374 non
759 337 813 374 ita
835 336 980 386 pridem
1011 335 1136 386 ejecit,
1167 348 1288 385 neque
1319 333 1463 372 exorari
1492 337 1631 384 potest,
1659 338 1701 369 ut

106 402 288 440 redeundi
305 401 523 439 facultatem
543 401 738 439 concedat.
795 399 950 438 Publice
975 405 1102 436 tamen
1129 405 1235 436 extra
1258 398 1380 435 aulam
1405 396 1500 434 nihil
1518 395 1702 434 hactenus

109 473 168 504 est
186 467 406 504 innovatum
422 480 430 511 ;
464 472 502 504 et
520 479 694 517 proceres
712 465 834 515 regni,
853 464 998 502 nobiles
1016 464 1106 501 item
1126 477 1169 501 ac
1188 463 1301 508 cives,
1327 462 1448 499 multo
1471 461 1637 498 maxima
1655 473 1701 498 ex

108 537 213 582 parte
240 531 436 582 evangelio
463 544 604 568 nomen
629 530 823 575 dederunt,
851 542 894 566 ac
922 529 1041 566 multa
1069 541 1282 578 magnaque
1310 526 1536 565 constantiae
1564 525 1705 563 indicia

105 595 322 633 ostendunt.
379 595 426 633 In
444 594 503 632 his
522 595 737 646 praecipuus
763 600 821 631 est
849 593 897 631 D.
925 593 1093 630 ,Iacobus
1121 592 1317 637 Stuardus,
1349 591 1532 629 Murraiae
1562 602 1703 634 comeS‚

110 659 273 710 Reginae
293 659 406 697 frater
424 658 577 704 nothus,
603 659 660 696 vir
678 658 761 710 pius
780 671 824 695 ac
843 670 997 708 magnae
1017 657 1116 707 apud
1131 670 1219 694 suos
1238 656 1482 694 auctoritatis,
1540 653 1705 692 Perscri-

112 723 211 761 bitur
236 723 351 760 etiam
376 723 424 760 ad
448 736 509 760 me
529 736 575 760 cx
596 721 736 768 Scotia,
758 722 923 772 Reginae
941 734 1026 758 cum
1045 734 1136 771 rege
1155 721 1290 758 marito
1310 720 1472 771 pessime
1491 717 1706 757 convenire.

109 788 237 827 Causa
255 788 340 826 haee
359 795 439 827 est:
469 788 540 826 fuit
560 788 677 826 Italus
697 787 862 839 quidam,
884 786 1039 825 nomine
1063 786 1201 832 David,
1221 800 1244 824 a
1262 786 1451 824 cardinale
1470 784 1705 834 Lotharingo

112 852 276 903 Reginae
295 853 437 891 Scotiae
456 852 753 890 commendatus.
812 851 849 889 Is
866 863 980 901 quum
1006 850 1170 901 Reginae
1195 863 1219 888 a
1242 849 1396 887 secretis
1423 855 1535 900 atque
1559 847 1705 886 intimis

114 924 214 956 esset
239 918 420 963 consiliis,
450 917 526 956 fere
559 917 660 954 solus
689 915 818 955 omnia
846 915 1146 961 administrabat,
1179 928 1255 952 non
1285 914 1459 952 consulto
1493 914 1613 964 Rege,
1643 911 1707 964 qui

112 980 313 1018 admodum
334 979 485 1030 juvenis
511 984 549 1016 et
573 978 665 1016 levis
686 983 754 1016 est.
813 977 901 1015 Hoc
928 977 1027 1014 male
1050 976 1212 1014 habebat
1232 977 1391 1027 Regem.
1450 976 1583 1026 Itaque
1609 974 1709 1012 faeta

113 1044 389 1095 conspiratione
405 1057 490 1082 cum
506 1043 694 1081 nobilibus
713 1042 934 1093 quibusdam
948 1047 987 1078 et
1005 1041 1136 1079 aulicis
1150 1041 1239 1087 suis,
1257 1041 1394 1078 Italum
1407 1040 1525 1085 illum,
1543 1038 1708 1089 Reginae

113 1122 225 1160 opem
246 1109 382 1147 frustra
410 1108 688 1159 implorantem,
718 1120 764 1145 ex
788 1107 906 1158 ipsius
931 1111 1139 1157 conspectu
1167 1105 1301 1156 abripi,
1331 1111 1369 1142 et
1398 1104 1539 1150 statim,
1566 1091 1709 1141 indicta

114 1187 238 1219 causa,
257 1174 385 1212 multis
404 1173 614 1224 pugionum
634 1172 771 1210 ictibus
789 1171 934 1223 perfodi
954 1176 1067 1221 atque
1091 1169 1251 1207 interfici
1278 1170 1431 1208 curavit.
1480 1168 1607 1218 Hujus
1629 1174 1709 1205 tam

115 1238 290 1277 immanis
308 1238 399 1276 facti
427 1236 649 1275 memoriam
670 1235 832 1286 Regina,
861 1236 1013 1272 tametsi
1038 1247 1157 1285 nuper
1176 1234 1292 1272 filium
1317 1234 1416 1284 Regi
1436 1233 1635 1286 pepererit,
1664 1245 1712 1270 ex

115 1304 243 1342 animo
264 1302 454 1353 deponere
473 1314 549 1338 non
569 1306 706 1352 potest.

198 1367 299 1406 Haec
322 1367 435 1417 paulo
458 1365 651 1403 verbosius
675 1364 723 1402 de
749 1363 888 1409 Scotia,
916 1377 963 1401 ex
988 1377 1062 1415 qua
1086 1362 1255 1401 fortassis
1272 1375 1355 1400 raro
1373 1362 1421 1400 ad
1439 1375 1506 1400 vos
1525 1360 1712 1400 scribitur.

118 1432 209 1477 Oro,
238 1436 280 1468 ut
318 1431 367 1469 D,
401 1429 621 1467 Gualterum
654 1441 697 1466 ac
731 1428 895 1479 reliquos
931 1428 1096 1478 collegas
1131 1432 1216 1465 tuos
1250 1439 1336 1464 meo
1367 1426 1522 1464 nomine
1559 1426 1710 1463 salutes.

115 1496 302 1535 Dominus
322 1502 360 1532 te
379 1494 489 1532 nobis
514 1500 552 1532 et
578 1493 750 1531 ecelesiae
778 1505 858 1530 suae
885 1505 997 1543 quam
1022 1491 1233 1529 diutissime
1251 1491 1473 1529 conservet!
1531 1489 1712 1534 Londini‚

118 1563 166 1598 27
185 1558 368 1610 Augusti,
399 1559 513 1596 1566.

752 1620 1023 1660 Deditissimus
1049 1619 1119 1657 tibi
1146 1620 1185 1657 in
1214 1620 1396 1665 Domino,

900 1700 1210 1740 EDMUNDUS
1239 1699 1608 1747 GRINDALLUS,

1100 1780 1226 1832 Episc.
1248 1781 1370 1820 Lond.

464 1865 732 1893 INSCRIPTIO.

228 1922 448 1962 Reverendo
477 1924 518 1958 in
548 1921 715 1965 Christo,
743 1920 792 1956 D.
821 1919 998 1955 Henrico

278 1988 517 2034 thllz'ngero,
537 1986 739 2033 Tigurinae
753 1984 913 2020 ecclesiae
931 1986 1002 2021 mi-

278 2051 584 2100 nistrofidelisffl.
606 2062 653 2086 ac
665 2048 795 2099 fratri
817 2050 856 2085 ιἰι
876 2049 1008 2085 Domi—

282 2130 330 2154 ηο
360 2116 574 2152 carissimo.

547 2179 695 2226 Tiguri.

643 2414 944 2457 EPISTOLA
982 2414 1207 2455 LXXIV.

300 2581 546 2613 RICARDUS
578 2581 755 2611 lllLLES
784 2581 851 2611 AD
884 2581 1145 2612 HENRICUM
1178 2580 1556 2612 BULLINGERUM.

209 2660 416 2697 DomrNus
434 2659 547 2697 Jesus
568 2659 756 2697 confortet
782 2664 820 2696 te
849 2659 888 2697 in
915 2659 1018 2697 omni
1046 2672 1099 2704 rc,
1118 2664 1229 2710 teque
1256 2672 1354 2697 nune
1377 2660 1416 2697 in
1448 2659 1593 2697 senium
1613 2659 1726 2698 decli·

128 2730 278 2761 nantem
306 2730 505 2769 sustentet,
532 2737 575 2761 ac
602 2723 668 2761 tibi
691 2723 855 2761 maxime
885 2724 924 2761 in
950 2729 1142 2761 senectute
1168 2730 1233 2760 tua
1261 2737 1451 2775 nunquam
1483 2724 1656 2762 deficiat!

207 2789 303 2828 Tam
329 2789 393 2826 diu
421 2802 444 2826 a
470 2788 588 2826 literis
615 2788 663 2825 ad
690 2794 729 2825 te
757 2788 964 2826 scribendis
988 2787 1165 2833 abstinui,
1194 2788 1248 2825 vir
1275 2788 1505 2834 doctissime,
1534 2789 1727 2840 praecipue

129 2858 256 2890 autem
281 2859 436 2904 propter
461 2865 586 2891 meum
615 2852 654 2889 in
682 2852 818 2890 Latine
847 2852 1044 2890 scribendo
1074 2852 1200 2889 stilum
1222 2851 1354 2889 durum
1373 2859 1485 2904 atque
1514 2853 1727 2898 barbarum,

132 2917 331 2968 minusque
363 2930 588 2968 congruum,
624 2922 665 2953 ut
690 2917 772 2966 jam
802 2916 880 2954 fere
913 2917 960 2953 ad
988 2921 1072 2953 tuas
1106 2916 1233 2954 literas
1266 2916 1358 2954 mihi
1390 2917 1636 2968 gratissimas,
1670 2917 1731 2954 die

129 2982 179 3018 28
206 2980 371 3031 Augusti
394 2981 565 3032 proxime
595 2980 714 3031 elapsi
744 2979 876 3031 Tiguri
910 2980 1082 3031 scriptas,
1108 2980 1224 3031 pudet
1255 2980 1331 3019 fere
1360 2981 1541 3033 pigetque
1569 2995 1725 3032 respon-
