1845 3233
140 171 195 216 96
394 178 644 208 LAURENTIUS
675 175 921 203 HUMFREDUS
956 174 1003 200 ΕΤ
1034 171 1197 199 THOMAS
1231 170 1411 197 SAMPSON
1570 153 1712 211 [Eprsr.

137 298 223 336 hinc
243 308 354 347 grave
371 293 585 331 scandalum
602 290 701 335 oriri,
718 295 756 327 et
774 287 1064 327 aedificationem
1083 286 1266 336 impediri,
1286 284 1525 322 manifestum
1541 290 1609 322 est.
1640 284 1713 323 Ce-

137 361 298 401 dendum
321 358 467 409 quidem
488 362 545 394 est
563 354 735 406 tempori,
757 353 821 390 sed
841 353 888 390 ad
909 358 1077 402 tempus:
1110 351 1162 388 sic
1188 355 1229 386 ut
1254 349 1533 400 progrediamur
1556 362 1714 400 semper,

137 424 386 475 regrediamur
411 433 611 471 nunquam.
668 418 792 463 Absit,
821 423 862 454 ut
880 429 950 453 nos
969 416 1027 453 vel
1049 413 1251 452 schismata
1269 414 1307 450 in
1326 413 1481 451 ecclesia
1498 413 1713 451 altercando

139 474 301 528 odiosius
320 499 495 530 seramus·‚
514 485 572 522 vel
590 483 763 522 fratribus
781 495 850 519 nos
872 480 1059 518 hostiliter
1078 478 1304 530 opponendo
1325 476 1565 515 Camerinam
1589 490 1714 515 move-

138 566 255 591 amus.
310 550 434 595 Absit,
464 549 606 600 optime
643 546 872 596 Bullingere,
905 550 947 582 ut
973 557 1031 582 res
1060 550 1192 581 natura
1228 542 1482 580 indifferentes
1510 540 1715 592 impietatis

139 617 379 654 damnemus:
409 613 519 658 absit,
542 618 584 649 ut
609 613 676 649 sub
701 610 876 649 scandalo
895 615 1041 646 nostras
1067 607 1286 645 affectiones
1310 612 1568 656 contegamus,
1588 605 1647 642 vel
1671 618 1717 642 ex

140 680 336 731 φιλονεικίᾳ
353 677 619 715 conscientiam
632 676 821 714 faciamus.
851 673 953 711 Haec
965 673 1043 711 faex
1058 679 1096 710 et
1110 671 1334 709 fermentum
1350 670 1589 720 papisticum,
1608 669 1718 706 nobis

138 744 257 788 crede,
278 742 399 780 omnis
419 740 663 779 dissensionis
677 746 733 777 est
752 738 1009 776 seminarium:
1032 737 1120 774 illud
1138 735 1220 773 tolli
1234 741 1272 772 et
1290 734 1514 785 sempiterna
1533 732 1719 771 oblivione

141 808 246 846 obrui
281 820 324 844 ac
360 806 505 857 sepeliri
541 805 721 855 cupimus,
755 817 803 840 ne
838 803 914 840 ulla
950 807 1080 839 extent
1115 798 1410 838 antichristianae
1442 796 1718 848 superstitionis

140 872 308 921 vestigia.
366 870 411 907 In
438 874 576 920 papatu
600 869 780 920 primatus
808 872 845 904 et
870 865 1106 917 supercilium
1132 876 1278 915 semper
1301 862 1410 900 nobis
1434 861 1718 912 displicuerunt:

143 943 180 974 et
200 935 366 986 tyrannis
386 934 423 971 in
448 933 604 972 ecclesia
628 933 742 970 libera
764 930 957 982 placebit?
1013 930 1148 968 Libera
1172 927 1338 978 synodus
1363 927 1462 976 apud
1487 925 1720 963 Christianos

141 999 471 1039 controversiarum
500 998 620 1035 nodos
649 996 828 1035 hactenus
861 995 991 1033 solvit:
1031 1007 1094 1032 cur
1126 1006 1225 1030 nunc
1258 991 1306 1029 ad
1339 990 1448 1028 unius
1475 996 1540 1028 aut
1571 989 1722 1027 alterius

142 1064 331 1102 arbitrium
362 1062 583 1100 referrentur
619 1061 775 1100 omnia?
842 1060 918 1099 Ubi
950 1059 1036 1098 haec
1068 1065 1238 1096 votorum
1275 1062 1314 1094 et
1344 1067 1478 1094 vocum
1511 1059 1644 1106 regnat
1676 1054 1720 1092 li-

139 1129 273 1174 bertas,
302 1128 352 1165 ibi
384 1127 487 1164 valet
514 1132 552 1164 et
578 1126 685 1177 viget
711 1126 859 1163 veritas.

223 1192 390 1230 Breviter
420 1192 473 1229 sic
501 1190 652 1235 habeto,
683 1189 884 1227 reverende
915 1194 1033 1240 pater,
1070 1187 1156 1227 haec
1188 1187 1297 1225 nobis
1334 1186 1576 1238 potissimum
1608 1185 1719 1223 fidem

144 1258 277 1302 facere,
308 1256 567 1294 auctoritatem
597 1254 874 1305 scripturarum,
907 1253 1183 1304 simplicitatem
1212 1252 1408 1290 ministerii
1437 1250 1592 1297 Christi,
1623 1251 1722 1302 puri-

144 1328 259 1360 tatem
290 1320 527 1358 ecclesiarum
559 1319 762 1370 primarum
791 1324 828 1355 et
855 1318 1091 1368 optimarum,
1128 1330 1214 1368 quae
1247 1316 1437 1354 brevitatis
1470 1315 1592 1353 studio
1622 1328 1723 1352 com-

145 1398 349 1423 memorare
379 1384 670 1435 supersedemus.
736 1383 796 1420 Ex
828 1382 943 1420 altera
975 1395 1062 1419 vero
1094 1387 1212 1432 parte,
1243 1381 1367 1431 legem
1399 1380 1554 1426 nullam,
1581 1380 1725 1416 nullum

147 1451 333 1488 decretum
357 1448 527 1499 generale
546 1448 602 1485 vel
621 1447 694 1485 Dei
718 1447 851 1499 optimi
868 1447 1037 1492 maximi,
1056 1447 1115 1483 vel
1134 1451 1346 1497 repurgatae
1366 1445 1519 1495 alicujus
1539 1444 1723 1487 ecclesiae,

148 1515 204 1552 vel
231 1513 443 1551 universalis
462 1513 609 1550 concilii
629 1511 735 1564 (quae
756 1511 960 1561 Augustini
985 1511 1117 1561 regula
1140 1508 1229 1561 est,)
1261 1509 1383 1560 legere
1401 1509 1511 1546 nobis
1540 1507 1723 1546 hactenus

148 1579 307 1629 contigit
332 1578 390 1615 vel
417 1577 552 1614 audire.
610 1576 798 1613 Praeterea
824 1575 914 1612 illud
936 1575 1199 1625 comperimus,
1226 1573 1310 1612 haec
1340 1587 1427 1625 quae
1453 1572 1612 1610 adducta
1639 1577 1726 1610 sunt

149 1643 326 1681 hactenus
356 1641 523 1691 exempla
554 1640 791 1691 particularia
821 1653 916 1683 esse,
948 1644 986 1676 et
1013 1639 1234 1676 universalia
1262 1652 1340 1675 non
1371 1637 1602 1675 confirmare.

229 1707 288 1745 Ad
315 1706 399 1744 haec
422 1705 629 1750 statuimus,
655 1718 732 1742 non
752 1704 926 1755 quicquid
945 1710 1002 1741 est
1020 1703 1161 1741 licitum
1181 1703 1256 1740 ullo
1281 1702 1407 1747 modo,
1428 1700 1724 1740 obtrudendum;

152 1771 214 1809 sed
241 1771 339 1821 quod
369 1769 561 1807 ecclesiam
591 1768 755 1806 {edificat
779 1768 882 1806 omni
909 1767 1036 1812 modo,
1063 1781 1143 1805 esse
1168 1766 1480 1804 introducendum
1497 1794 1505 1808 ,
1535 1777 1605 1801 nec
1629 1764 1727 1814 quod

151 1835 261 1873 alicui
294 1835 393 1879 licet,
423 1834 548 1871 statim
586 1834 694 1871 licere
731 1833 915 1871 omnibus.
986 1832 1207 1869 Doctrinam
1239 1836 1380 1868 castam
1411 1836 1448 1867 et
1476 1830 1725 1879 incorruptam

155 1899 259 1951 (Deo
296 1899 344 1935 sit
378 1898 455 1935 laus
473 1897 502 1948 !)
536 1897 737 1941 habemus;
781 1897 820 1934 in
857 1897 970 1942 cultu,
1005 1896 1199 1946 religionis
1238 1900 1339 1945 parte
1374 1907 1453 1931 non
1484 1893 1626 1938 infima,
1665 1905 1730 1929 cur

153 1962 467 2002 claudicabimus?
492 1974 555 1999 cur
579 1975 752 1999 mancum
780 1960 970 1998 Christum
994 1961 1129 2012 potius,
1156 1972 1266 2010 quam
1291 1964 1428 2004 totum,
1454 1970 1564 2009 quam
1597 1970 1729 2007 purum

153 2041 196 2065 ac
224 2026 439 2077 perfectum,
468 2025 701 2076 recepimus?
757 2024 835 2062 Cur
861 2039 883 2062 a
915 2024 1068 2076 papistis
1098 2023 1278 2069 hostibus,
1306 2029 1344 2061 et
1370 2036 1448 2060 non
1477 2035 1499 2059 a
1526 2021 1632 2058 vobis
1660 2021 1731 2058 fra-

153 2092 281 2136 tribus,
311 2090 584 2127 reformationis
611 2090 782 2140 exempla
813 2089 1003 2140 petimus?
1059 2089 1201 2126 Eadem
1236 2093 1292 2125 est
1324 2093 1532 2125 nostrarum
1562 2086 1730 2123 ecclesia—

154 2169 234 2194 rum
267 2154 474 2198 confessio;
510 2154 638 2191 eadem
673 2154 854 2192 doctrinae
887 2159 923 2191 et
958 2153 1043 2191 fidei
1072 2153 1191 2190 ratio:
1231 2165 1296 2190 cur
1324 2152 1362 2189 in
1395 2151 1528 2189 ritibus
1561 2156 1600 2187 et
1630 2163 1731 2188 ccre-

154 2220 291 2257 moniis
318 2224 423 2256 tanta
448 2218 722 2263 dissimilitudo,
747 2223 854 2255 tanta
878 2217 1102 2256 diversitas?
1156 2217 1355 2267 Signatum
1375 2216 1497 2253 idem:
1531 2228 1596 2252 cur
1623 2215 1732 2265 signa

155 2284 247 2321 adeo
286 2283 440 2328 variant,
477 2288 519 2320 ut
554 2282 749 2319 dissimilia
783 2282 930 2327 vestris,
968 2281 1104 2319 similia
1136 2281 1328 2332 papisticis
1361 2279 1554 2318 existant?
1627 2279 1731 2317 Idem

156 2346 231 2384 dux
261 2353 298 2384 et
325 2348 525 2397 imperator
558 2345 751 2385 Christus:
787 2360 851 2384 cur
878 2347 916 2384 in
950 2346 1115 2384 ecclesiis
1147 2346 1282 2383 nostris
1310 2344 1446 2382 vexilla
1481 2344 1633 2382 hostilia
1664 2343 1726 2380 eri-

158 2410 323 2460 guntur?
377 2423 461 2461 quoe
487 2410 519 2447 si
543 2409 715 2447 homines
747 2410 831 2454 Dei,
861 2410 891 2447 si
915 2409 991 2447 ullo
1021 2409 1101 2447 zelo
1129 2409 1278 2460 praediti
1307 2421 1486 2453 essemUS,
1510 2407 1731 2458 jamdudum

158 2475 329 2512 detestati
358 2480 395 2511 et
425 2474 593 2511 demoliti
615 2474 826 2512 fuissemus.
882 2474 963 2512 Nos
988 2474 1034 2511 de
1057 2473 1243 2524 episcopis
1272 2485 1416 2522 semper
1443 2472 1586 2522 optime
1618 2471 1733 2509 sensi-

157 2551 261 2575 mus:
294 2539 437 2576 illorum
465 2538 601 2575 fastum
631 2539 788 2576 candide
817 2538 1051 2589 interpretati
1080 2551 1226 2575 sumus:
1261 2550 1326 2575 cur
1357 2550 1440 2582 nos,
1471 2537 1561 2574 olim
1585 2549 1732 2574 crucem

127 2630 132 2634 -
159 2614 242 2639 cum
278 2601 367 2651 ipsis
403 2602 672 2647 exosculantes,
711 2607 750 2639 et
782 2615 880 2639 nunc
913 2602 1072 2639 eundem
1109 2601 1301 2639 Christum
1338 2600 1598 2651 praedicantes,
1635 2600 1731 2637 idem

155 2665 290 2716 jugum
326 2665 580 2702 suavissimum
612 2679 686 2703 una
720 2665 892 2710 ferentes,
927 2666 1020 2703 ferre
1056 2679 1133 2703 non
1170 2665 1357 2716 possunt?
1395 2677 1460 2702 cur
1494 2664 1532 2701 in
1569 2677 1733 2702 carceres

161 2728 395 2778 conjiciunt?
429 2742 492 2766 cur
524 2735 673 2779 propter
705 2735 844 2767 vestem
874 2730 1173 2781 persequuntur?
1206 2743 1271 2767 cur
1300 2729 1403 2766 victu
1434 2742 1477 2766 ac
1511 2728 1618 2766 bonis
1650 2742 1733 2780 spo-

161 2791 285 2829 liant?
315 2804 379 2828 cur
404 2791 504 2828 libris
532 2793 676 2842 publice
702 2793 929 2830 traducunt?
963 2807 1028 2832 cur
1056 2807 1205 2831 causam
1234 2793 1371 2831 malam
1399 2792 1609 2842 posteritati
1633 2793 1733 2829 edito

161 2856 300 2905 scripto
319 2855 609 2893 commendant?
661 2856 860 2894 Verterunt
883 2857 996 2894 etiam
1020 2858 1060 2895 in
1086 2857 1225 2895 idioma
1251 2863 1420 2895 nostrum
1450 2856 1642 2894 schedulas
1669 2856 1734 2893 ali-

161 2924 254 2970 quot
283 2919 330 2957 D.
355 2919 503 2964 Bucen,
531 2920 571 2957 P.
599 2919 790 2971 Martyris,
814 2927 852 2959 et
873 2935 971 2959 nunc
999 2927 1082 2958 tuas
1112 2922 1272 2972 privatas
1300 2921 1348 2958 ad
1375 2934 1446 2959 nos
1474 2921 1598 2958 literas
1627 2921 1735 2958 nobis

162 2983 289 3022 invitis
308 2989 346 3021 et
364 2984 491 3022 insciis
512 2984 550 3021 in
577 2985 764 3035 publicum
789 2986 1001 3023 emiserunt.
1059 2985 1171 3024 Unde
1197 2986 1282 3024 dum
1308 2999 1411 3025 suam
1437 2999 1587 3024 causam
1606 2992 1737 3037 agunt,
