1845 3233
68 141 216 205 LXXV]
278 161 332 186 AD
356 161 569 187 HENRICUM
591 161 882 188 BULLINGERUM
905 161 953 186 ET
974 159 1221 187 RODOLPHUM
1245 159 1510 186 GUALTERUM.
1577 142 1664 189 107

66 274 167 312 nitur
184 273 265 311 sinc
283 274 475 311 communi
494 287 623 312 eorum
642 287 686 311 ac
701 274 965 325 episcoporum
981 279 1046 310 aut
1065 273 1218 323 majoris
1237 273 1372 310 saltem
1387 272 1533 309 illorum
1548 270 1667 321 partis

65 351 254 376 consensu
278 344 316 375 et
334 339 629 389 approbatione:
658 344 807 376 tantum
829 338 936 375 abest
960 343 1002 374 ut
1029 337 1243 387 pastoribus
1267 350 1345 375 non
1367 336 1607 387 permittatur
1624 335 1665 372 in

69 401 284 452 hujusmodi
313 402 422 439 rebus
449 402 713 440 ecclesiasticis
742 415 850 439 suam
882 401 1006 438 dicere
1040 401 1278 439 sententiam.
1335 400 1552 451 Rccipimus
1584 399 1666 450 qui-

67 467 166 512 dem,
195 480 262 504 seu
294 467 419 517 potius
448 467 652 504 toleranter
683 466 847 511 ferimus,
874 466 994 503 donec
1019 465 1175 503 meliora
1206 465 1396 502 Dominus
1421 464 1578 509 dederit,
1606 464 1665 500 in-

69 531 343 582 terrogationes
374 531 589 577 infantium,
629 537 667 568 ct
705 532 824 568 crucis
855 529 1109 567 characterem
1147 530 1185 566 in
1224 531 1425 580 baptismo,
1461 530 1500 566 in
1540 541 1665 566 coenae

68 595 309 646 perceptiOne
331 594 653 645 genuflexionem,
684 602 721 633 et
744 595 889 645 regiam
916 594 1138 632 facultatum
1165 595 1316 639 curiam,
1344 607 1456 645 quam
1474 599 1667 644 metropo-

67 660 174 697 litani
204 665 354 697 vocant.
413 660 662 705 Quaestiones
694 659 907 698 istiusmodi
944 672 1023 697 non
1051 659 1145 696 adeo
1183 659 1426 696 accommode
1459 658 1666 696 infantibus

68 725 239 775 proponi,
269 725 340 762 etsi
365 738 411 762 ex
439 724 659 775 Augustino
687 725 882 762 videantur
909 723 1171 767 emendicatae,
1200 723 1346 773 publice
1374 723 1594 773 profitemur
1619 736 1664 760 ae

69 787 200 826 sedulo
231 788 422 826 docemus.
942 824 946 829 .

149 852 282 891 Crucis
300 852 515 891 charactere
534 852 697 891 frontem
719 853 799 903 jam
827 852 1007 904 baptizati
1033 852 1187 890 infantis
1212 858 1359 897 notare,
1388 851 1458 889 etsi
1491 850 1665 888 minister

66 917 193 968 palam
212 918 406 968 conceptis
425 918 546 955 verbis
565 918 787 969 profiteatur
812 918 1005 968 signatum
1030 930 1113 955 esse
1136 930 1245 954 cruce
1274 916 1500 954 infantulum
1520 915 1663 952 solum-

70 983 182 1020 modo
204 982 243 1019 in
264 982 426 1032 signum,
444 982 545 1033 quod
563 982 602 1019 in
622 988 811 1033 posterum
830 982 936 1019 illum
955 995 1032 1019 non
1051 981 1204 1032 pudebit
1220 981 1307 1018 fidei
1323 980 1465 1018 Christi
1485 980 1666 1027 crucifixi,

66 1047 179 1098 idque
199 1060 245 1083 ex
264 1047 459 1085 vetustiori
477 1047 639 1084 ecclesia
656 1047 827 1084 videatur
845 1053 1153 1097 transsumptum,
1171 1052 1300 1083 tamen
1318 1057 1396 1083 non
1417 1045 1664 1083 defendimus.

66 1110 379 1149 Genuflexionem
406 1111 445 1148 in
473 1124 590 1149 sacrae
619 1125 742 1149 coenae
769 1111 1024 1162 perceptione,
1045 1110 1223 1161 quoniam
1240 1110 1292 1147 ita
1311 1110 1396 1160 lege
1417 1109 1664 1147 constitutum

68 1181 139 1222 est,
160 1175 439 1227 permittimus3
469 1189 515 1213 ea
542 1182 670 1213 tamen
702 1176 938 1226 expositione
967 1189 1035 1213 scu
1065 1176 1190 1226 potius
1222 1175 1408 1221 cautione,
1448 1188 1558 1225 quam
1592 1174 1666 1225 ipsi

66 1239 347 1290 genuflexionis
372 1245 558 1285 auctores,
583 1239 651 1277 viri
679 1239 909 1276 sanctissimi
932 1253 975 1277 ac
1000 1246 1182 1290 martyres
1203 1238 1227 1276 J
1232 1252 1296 1276 esu
1322 1238 1466 1276 Christi
1489 1244 1663 1276 constan-

65 1304 214 1349 tissimi,
234 1296 494 1349 adhibuerunt,
508 1304 800 1355 diligentissime
820 1304 958 1354 populo
973 1304 1173 1349 declarata,
1191 1303 1445 1355 promulgata,
1465 1303 1662 1342 inculcata.

69 1368 171 1413 Quae
194 1369 246 1406 sic
266 1369 314 1406 ad
332 1369 484 1406 verbum
504 1367 638 1405 habet:
669 1374 691 1389 “
707 1369 790 1405 Etsi
805 1368 843 1405 in
868 1368 961 1406 libro
982 1381 1135 1418 precum
1156 1357 1338 1405 statutum
1358 1367 1419 1412 sit,
1439 1373 1481 1404 ut
1496 1361 1664 1405 commu-

68 1433 237 1470 nicantes
258 1432 547 1483 genuflectendo
573 1446 716 1470 sacram
741 1432 929 1483 accipiant
953 1433 1273 1477 communionem,
1301 1433 1338 1469 id
1354 1421 1480 1469 tamen
1502 1445 1546 1469 eo
1567 1432 1665 1470 trahi

66 1510 143 1534 non
160 1497 295 1534 debere
311 1497 669 1548 decla1·amuS,quasi
684 1498 761 1535 ulla
773 1498 943 1535 adoratio
957 1498 1022 1534 fiat
1036 1504 1100 1534 aut
1112 1497 1192 1534 fieri
1205 1497 1353 1541 debeat,
1364 1497 1441 1534 sive
1454 1509 1666 1534 sacramen-

66 1561 131 1598 tali
147 1561 236 1611 pani
252 1574 296 1598 ac
311 1561 411 1605 vino,
432 1562 510 1599 sive
529 1562 594 1599 ulli
610 1562 699 1599 reali
720 1568 758 1598 et
773 1561 962 1599 essentiali
980 1561 1200 1612 praescntiae
1217 1561 1268 1598 ibi
1289 1561 1467 1598 existenti
1486 1561 1665 1597 naturalis

66 1625 186 1662 carnis
205 1640 248 1663 ac
269 1626 463 1676 sanguinis
484 1625 640 1664 Christi.
697 1626 797 1664 Nam
817 1626 1097 1663 sacramentalis
1115 1625 1224 1676 panis
1244 1630 1282 1661 et
1296 1625 1424 1662 vinum
1442 1630 1666 1675 permanent

67 1689 105 1726 in
131 1689 222 1739 ipsis
247 1691 323 1728 suis
348 1691 579 1728 naturalibus
601 1690 834 1735 substantiis,
865 1696 903 1727 et
926 1695 1125 1741 propterea
1148 1703 1226 1727 non
1253 1695 1342 1726 sunt
1367 1689 1564 1727 adoranda.
1622 1689 1669 1727 Id

66 1754 167 1791 enim
182 1754 393 1793 idololatria
408 1754 592 1792 horrenda
603 1761 714 1800 esset,
731 1755 906 1793 omnibus
923 1754 1152 1792 Christianis
1167 1754 1409 1798 detestanda3
1431 1760 1469 1791 et
1483 1760 1666 1804 quantum

68 1819 115 1856 ad
139 1832 273 1870 corpus
298 1820 466 1857 naturale
490 1833 533 1858 ac
559 1820 784 1870 sanguinem
810 1819 1007 1857 servatoris
1032 1819 1150 1856 nostri
1172 1818 1314 1856 Christi
1334 1818 1482 1864 attinet,
1509 1819 1547 1855 in
1567 1819 1666 1857 coelo

68 1889 169 1929 sunt,
190 1890 228 1920 et
245 1897 321 1921 non
342 1890 427 1922 sunt
441 1883 516 1930 hic,
533 1884 836 1935 quandoquidem
852 1889 985 1922 contra
999 1883 1198 1921 veritatem
1213 1884 1291 1921 veri
1305 1883 1486 1921 naturalis
1501 1883 1669 1934 corporis

70 1948 214 1986 Christi
233 1954 302 1993 est,
332 1948 498 1998 pluribus
524 1962 638 1999 quam
656 1961 732 1986 uno
752 1949 874 1986 inesse
893 1948 987 1986 locis
1006 1960 1082 1985 uno
1101 1954 1213 1999 atque
1233 1949 1366 1986 codem
1387 1949 1594 1999 tempore.”

150 2012 389 2050 Facultatum
419 2012 532 2057 curia,
557 2013 808 2063 undecunque
826 2019 883 2050 est
906 2013 1032 2057 allata,
1061 2013 1167 2062 regia
1187 2019 1256 2057 est,
1273 2026 1353 2050 non
1371 2013 1665 2063 metropolitani.

70 2077 109 2114 ls
129 2076 230 2114 enim
249 2076 408 2126 prudens
427 2082 544 2127 pater,
563 2078 696 2114 doctus
715 2083 753 2114 et
773 2077 820 2114 ad
835 2077 1128 2114 sincerissimam
1143 2077 1368 2126 religionem
1384 2077 1666 2127 propagandam

70 2141 213 2191 optime
233 2140 403 2179 affectus.
431 2141 669 2178 omnimodas
689 2141 884 2178 Romanas
897 2141 1013 2179 faeces
1032 2154 1183 2191 prorsus
1203 2142 1327 2179 eluere
1346 2146 1534 2191 peroptat,
1553 2154 1667 2179 cona·

69 2211 141 2250 tur,
163 2204 314 2255 satagit.
374 2204 424 2241 Et
441 2204 528 2242 licet
553 2218 684 2242 omnes
702 2204 812 2255 hujus
833 2205 971 2243 fiscalis
991 2206 1120 2250 curiae,
1140 2206 1236 2243 sicut
1254 2206 1367 2243 etiam
1387 2206 1481 2243 alios
1505 2206 1667 2243 nonnul-

71 2269 140 2313 los,
169 2269 306 2306 abusus
328 2282 348 2304 e
373 2268 499 2306 medio
519 2269 649 2306 tollere
674 2282 752 2307 non
778 2282 991 2320 possumus,
1015 2282 1081 2306 eos
1100 2275 1227 2306 tamen
1245 2282 1411 2320 carpere,
1431 2269 1668 2307 contumeliis

69 2334 229 2383 insequi,
261 2332 309 2370 ad
338 2338 478 2370 tartara
508 2346 637 2384 usque,
662 2334 762 2371 unde
789 2340 1067 2384 prorepserunt,
1097 2334 1293 2371 detrudere
1327 2346 1405 2370 non
1436 2334 1667 2371 desistimus.

72 2397 195 2435 Nobis
215 2396 369 2441 credite,
398 2397 532 2434 fratres
558 2398 774 2443 venerandi,
806 2397 1008 2447 unicuique
1038 2397 1126 2435 licet
1152 2397 1324 2435 ministro
1351 2398 1524 2435 omnibus
1543 2397 1668 2435 istius—

70 2461 174 2499 modi
207 2461 373 2498 articulis
400 2473 484 2499 cum
512 2461 698 2498 modestia
728 2467 766 2498 et
792 2462 994 2499 sobrietate
1018 2468 1056 2498 et
1080 2461 1258 2511 privatim
1284 2467 1322 2498 et
1347 2461 1494 2511 publice
1519 2468 1667 2500 contra-

63 2526 216 2563 dicere:
247 2531 420 2576 pastores
450 2537 535 2563 vero
565 2525 742 2563 articulos
769 2526 876 2571 istos,
906 2525 1018 2563 nobis
1040 2525 1135 2563 falso
1165 2525 1378 2576 impositos,
1407 2526 1574 2576 recipere
1603 2533 1668 2565 aut

71 2590 277 2641 approbare
297 2589 481 2635 nolentes,
501 2590 664 2627 statione
679 2603 745 2627 sua
763 2589 1049 2640 haudquaquam
1073 2589 1280 2640 dejicimus.

153 2654 305 2704 Pergite
332 2667 425 2705 ergo
458 2666 530 2691 nos
557 2667 694 2699 amare,
722 2654 937 2700 admonere,
969 2654 1114 2703 juvare,
1149 2660 1192 2691 ut
1226 2655 1441 2692 incendium
1471 2656 1567 2694 inter
1593 2669 1665 2695 nos

71 2724 245 2757 exortum
288 2719 528 2756 solummodo
565 2731 631 2768 pro
660 2731 699 2756 re
728 2719 899 2756 vestiaria
925 2718 1182 2768 extinguatur.
1238 2718 1393 2770 Nosque
1422 2732 1572 2770 operam
1601 2721 1665 2759 da-

71 2784 206 2829 bimus,
245 2789 427 2834 quantum
464 2783 544 2820 fieri
582 2783 712 2834 possit,
742 2783 1060 2834 quemadmodum
1094 2783 1132 2819 in
1169 2783 1349 2834 proximis
1380 2785 1544 2823 comitiis
1575 2785 1666 2824 feci-

68 2860 168 2893 mus,
196 2849 268 2884 etsi
291 2846 385 2885 nihil
410 2847 579 2885 obtinere
604 2847 808 2897 potuimus,
837 2853 880 2884 ut
903 2860 1035 2885 omnes
1064 2860 1205 2885 errores
1235 2853 1274 2885 et
1302 2849 1438 2887 abusus
1466 2849 1514 2886 ad
1541 2862 1665 2888 amus-

70 2911 142 2948 sim
178 2911 281 2949 verbi
330 2911 403 2949 Dei
445 2911 695 2961 corrigantur,
735 2911 993 2956 emendentur,
1021 2917 1287 2961 expurgentur.
1345 2911 1666 2951 Commendamus

71 2987 152 3021 vos,
182 2975 324 3022 fratres,
360 2976 495 3027 gratiae
530 2975 685 3013 Domini
715 2976 833 3014 nostri
864 2975 958 3014 Jesu
992 2975 1148 3022 Christi,
1177 2989 1289 3029 quem
1320 2990 1482 3024 oramus,
1520 2984 1562 3016 ut
1597 2991 1665 3016 vos
