<?xml version="1.0" encoding="UTF-8"?>
<!DOCTYPE html PUBLIC "-//W3C//DTD XHTML 1.0 Transitional//EN"
    "http://www.w3.org/TR/xhtml1/DTD/xhtml1-transitional.dtd">
<html xmlns="http://www.w3.org/1999/xhtml" xml:lang="en" lang="en">
 <head>
  <title>
</title>
<meta http-equiv="Content-Type" content="text/html;charset=utf-8" />
  <meta name='ocr-system' content='tesseract 3.04.00' />
  <meta name='ocr-capabilities' content='ocr_page ocr_carea ocr_par ocr_line ocrx_word'/>
</head>
<body>
  <div class='ocr_page' id='page_1' title='image "./zurichletterscom02hunt_0442.png"; bbox 0 0 1845 3233; ppageno 0'>
   <div class='ocr_carea' id='block_1_1' title="bbox 148 141 1710 199">
    <p class='ocr_par' dir='ltr' id='par_1_1' title="bbox 148 141 1710 199">
     <span class='ocr_line' id='line_1_1' title="bbox 148 141 1710 199; baseline -0.01 0"><span class='ocrx_word' id='word_1_1' title='bbox 148 157 232 199; x_wconf 81' lang='lat'>136</span> <span class='ocrx_word' id='word_1_2' title='bbox 405 168 570 195; x_wconf 72' lang='lat' dir='ltr'>JACOBUS</span> <span class='ocrx_word' id='word_1_3' title='bbox 604 165 777 192; x_wconf 71' lang='lat' dir='ltr'>LETHEUS</span> <span class='ocrx_word' id='word_1_4' title='bbox 810 165 862 190; x_wconf 75' lang='grc'><strong>,11)</strong></span> <span class='ocrx_word' id='word_1_5' title='bbox 894 162 1103 189; x_wconf 62' lang='lat' dir='ltr'>namuco-M</span> <span class='ocrx_word' id='word_1_6' title='bbox 1136 160 1434 187; x_wconf 74' lang='lat' dir='ltr'><strong>BULLINGERUM.</strong></span> <span class='ocrx_word' id='word_1_7' title='bbox 1569 141 1710 198; x_wconf 80' lang='lat' dir='ltr'><strong>[EPIST.</strong></span> 
     </span>
    </p>
   </div>
   <div class='ocr_carea' id='block_1_2' title="bbox 144 273 1711 779">
    <p class='ocr_par' dir='ltr' id='par_1_2' title="bbox 144 273 1711 779">
     <span class='ocr_line' id='line_1_2' title="bbox 144 273 1710 330; baseline -0.01 -6"><span class='ocrx_word' id='word_1_8' title='bbox 144 288 210 324; x_wconf 84' lang='lat' dir='ltr'>dus</span> <span class='ocrx_word' id='word_1_9' title='bbox 243 300 294 330; x_wconf 81' lang='lat' dir='ltr'>es,</span> <span class='ocrx_word' id='word_1_10' title='bbox 323 290 363 322; x_wconf 89' lang='lat' dir='ltr'>ut</span> <span class='ocrx_word' id='word_1_11' title='bbox 392 285 436 321; x_wconf 90' lang='grc'>110</span> <span class='ocrx_word' id='word_1_12' title='bbox 468 297 528 320; x_wconf 88' lang='lat' dir='ltr'>me</span> <span class='ocrx_word' id='word_1_13' title='bbox 563 283 718 319; x_wconf 85' lang='lat' dir='ltr'>salutem</span> <span class='ocrx_word' id='word_1_14' title='bbox 749 280 850 317; x_wconf 86' lang='lat' dir='ltr'>dicas</span> <span class='ocrx_word' id='word_1_15' title='bbox 880 280 926 317; x_wconf 90' lang='lat' dir='ltr'>D.</span> <span class='ocrx_word' id='word_1_16' title='bbox 961 277 1060 315; x_wconf 71' lang='grc' dir='ltr'>ι111110</span> <span class='ocrx_word' id='word_1_17' title='bbox 1092 277 1306 327; x_wconf 73' lang='lat' dir='ltr'>Martyritio</span> <span class='ocrx_word' id='word_1_18' title='bbox 1340 275 1444 324; x_wconf 83' lang='lat' dir='ltr'>(nam</span> <span class='ocrx_word' id='word_1_19' title='bbox 1481 273 1580 325; x_wconf 79' lang='lat' dir='ltr'>quod</span> <span class='ocrx_word' id='word_1_20' title='bbox 1612 273 1710 310; x_wconf 85' lang='lat' dir='ltr'>aliud</span> 
     </span>
     <span class='ocr_line' id='line_1_3' title="bbox 145 337 1711 397; baseline -0.009 -9"><span class='ocrx_word' id='word_1_21' title='bbox 145 351 178 388; x_wconf 90' lang='lat' dir='ltr'>ei</span> <span class='ocrx_word' id='word_1_22' title='bbox 208 350 254 387; x_wconf 87' lang='lat' dir='ltr'>sit</span> <span class='ocrx_word' id='word_1_23' title='bbox 280 362 416 387; x_wconf 87' lang='lat' dir='ltr'>nomen</span> <span class='ocrx_word' id='word_1_24' title='bbox 444 347 604 397; x_wconf 79' lang='lat' dir='ltr'>nescio),</span> <span class='ocrx_word' id='word_1_25' title='bbox 631 346 694 396; x_wconf 86' lang='lat' dir='ltr'>qui</span> <span class='ocrx_word' id='word_1_26' title='bbox 723 357 873 394; x_wconf 82' lang='lat' dir='ltr'>operam</span> <span class='ocrx_word' id='word_1_27' title='bbox 898 355 1002 380; x_wconf 78' lang='lat' dir='ltr'>suam</span> <span class='ocrx_word' id='word_1_28' title='bbox 1023 342 1130 392; x_wconf 81' lang='lat' dir='ltr'>ponit</span> <span class='ocrx_word' id='word_1_29' title='bbox 1157 340 1386 390; x_wconf 79' lang='lat' dir='ltr'>corrigendis</span> <span class='ocrx_word' id='word_1_30' title='bbox 1410 339 1510 389; x_wconf 79' lang='lat' dir='ltr'>typis</span> <span class='ocrx_word' id='word_1_31' title='bbox 1532 337 1711 376; x_wconf 86' lang='lat' dir='ltr'>Froscho-</span> 
     </span>
     <span class='ocr_line' id='line_1_4' title="bbox 145 404 1710 457; baseline -0.008 -6"><span class='ocrx_word' id='word_1_32' title='bbox 145 413 300 451; x_wconf 71' lang='lat' dir='ltr'>veranis.</span> <span class='ocrx_word' id='word_1_33' title='bbox 355 412 451 450; x_wconf 82' lang='lat' dir='ltr'>Vide</span> <span class='ocrx_word' id='word_1_34' title='bbox 479 423 578 448; x_wconf 89' lang='lat' dir='ltr'>nunc</span> <span class='ocrx_word' id='word_1_35' title='bbox 607 409 716 447; x_wconf 81' lang='lat' dir='ltr'>aliam</span> <span class='ocrx_word' id='word_1_36' title='bbox 746 422 792 445; x_wconf 83' lang='lat' dir='ltr'>ex</span> <span class='ocrx_word' id='word_1_37' title='bbox 824 407 897 445; x_wconf 85' lang='lat' dir='ltr'>alia</span> <span class='ocrx_word' id='word_1_38' title='bbox 926 406 1206 457; x_wconf 83' lang='lat' dir='ltr'>impudentiam,</span> <span class='ocrx_word' id='word_1_39' title='bbox 1229 418 1301 456; x_wconf 85' lang='lat' dir='ltr'>qua</span> <span class='ocrx_word' id='word_1_40' title='bbox 1326 405 1378 442; x_wconf 88' lang='lat' dir='ltr'>ita</span> <span class='ocrx_word' id='word_1_41' title='bbox 1401 404 1496 454; x_wconf 86' lang='lat' dir='ltr'>apud</span> <span class='ocrx_word' id='word_1_42' title='bbox 1528 414 1710 439; x_wconf 89' lang='lat' dir='ltr'>summum</span> 
     </span>
     <span class='ocr_line' id='line_1_5' title="bbox 146 467 1711 527; baseline -0.008 -12"><span class='ocrx_word' id='word_1_43' title='bbox 146 478 262 515; x_wconf 88' lang='lat' dir='ltr'>virum</span> <span class='ocrx_word' id='word_1_44' title='bbox 293 490 401 527; x_wconf 85' lang='lat' dir='ltr'>agam</span> <span class='ocrx_word' id='word_1_45' title='bbox 434 475 583 513; x_wconf 87' lang='lat' dir='ltr'>infimus</span> <span class='ocrx_word' id='word_1_46' title='bbox 615 472 828 516; x_wconf 82' lang='lat' dir='ltr'>homuncio,</span> <span class='ocrx_word' id='word_1_47' title='bbox 860 477 901 508; x_wconf 85' lang='lat' dir='ltr'>ut</span> <span class='ocrx_word' id='word_1_48' title='bbox 929 477 966 508; x_wconf 89' lang='lat' dir='ltr'>et</span> <span class='ocrx_word' id='word_1_49' title='bbox 993 470 1061 507; x_wconf 86' lang='lat' dir='ltr'>tibi</span> <span class='ocrx_word' id='word_1_50' title='bbox 1090 469 1227 520; x_wconf 86' lang='lat' dir='ltr'>aliquid</span> <span class='ocrx_word' id='word_1_51' title='bbox 1258 468 1381 506; x_wconf 77' lang='lat' dir='ltr'>oneris</span> <span class='ocrx_word' id='word_1_52' title='bbox 1408 468 1563 505; x_wconf 81' lang='lat' dir='ltr'>audeam</span> <span class='ocrx_word' id='word_1_53' title='bbox 1592 467 1711 516; x_wconf 87' lang='lat' dir='ltr'>impo-</span> 
     </span>
     <span class='ocr_line' id='line_1_6' title="bbox 146 532 1711 591; baseline -0.008 -11"><span class='ocrx_word' id='word_1_54' title='bbox 146 555 244 586; x_wconf 87' lang='lat' dir='ltr'>nere,</span> <span class='ocrx_word' id='word_1_55' title='bbox 277 547 314 578; x_wconf 89' lang='lat' dir='ltr'>et</span> <span class='ocrx_word' id='word_1_56' title='bbox 339 540 439 591; x_wconf 81' lang='lat' dir='ltr'>prius</span> <span class='ocrx_word' id='word_1_57' title='bbox 469 539 618 590; x_wconf 79' lang='lat' dir='ltr'>quidem</span> <span class='ocrx_word' id='word_1_58' title='bbox 649 537 852 587; x_wconf 74' lang='lat' dir='ltr'><strong>imponere,</strong></span> <span class='ocrx_word' id='word_1_59' title='bbox 881 547 989 585; x_wconf 87' lang='lat' dir='ltr'>quam</span> <span class='ocrx_word' id='word_1_60' title='bbox 1020 535 1065 572; x_wconf 83' lang='lat' dir='ltr'>ab</span> <span class='ocrx_word' id='word_1_61' title='bbox 1092 534 1221 571; x_wconf 88' lang='lat' dir='ltr'>eodem</span> <span class='ocrx_word' id='word_1_62' title='bbox 1249 533 1385 583; x_wconf 86' lang='lat' dir='ltr'>aliquid</span> <span class='ocrx_word' id='word_1_63' title='bbox 1413 532 1623 569; x_wconf 84' lang='lat' dir='ltr'>faciundum</span> <span class='ocrx_word' id='word_1_64' title='bbox 1651 542 1711 566; x_wconf 86' lang='lat' dir='ltr'>ac-</span> 
     </span>
     <span class='ocr_line' id='line_1_7' title="bbox 145 594 1708 656; baseline -0.007 -13"><span class='ocrx_word' id='word_1_65' title='bbox 145 605 316 656; x_wconf 79' lang='lat' dir='ltr'>ceperim,</span> <span class='ocrx_word' id='word_1_66' title='bbox 348 604 409 655; x_wconf 88' lang='lat' dir='ltr'>qui</span> <span class='ocrx_word' id='word_1_67' title='bbox 442 603 534 640; x_wconf 91' lang='lat' dir='ltr'>mihi</span> <span class='ocrx_word' id='word_1_68' title='bbox 561 600 823 652; x_wconf 76' lang='lat' dir='ltr'>praescribendi</span> <span class='ocrx_word' id='word_1_69' title='bbox 855 606 893 637; x_wconf 89' lang='lat' dir='ltr'>et</span> <span class='ocrx_word' id='word_1_70' title='bbox 923 598 1128 650; x_wconf 89' lang='lat' dir='ltr'>imperandi</span> <span class='ocrx_word' id='word_1_71' title='bbox 1155 598 1216 647; x_wconf 80' lang='lat' dir='ltr'>jus</span> <span class='ocrx_word' id='word_1_72' title='bbox 1246 597 1373 634; x_wconf 86' lang='lat' dir='ltr'>habes.</span> <span class='ocrx_word' id='word_1_73' title='bbox 1440 596 1511 634; x_wconf 85' lang='lat' dir='ltr'>Sed</span> <span class='ocrx_word' id='word_1_74' title='bbox 1540 595 1628 634; x_wconf 85' lang='lat' dir='ltr'>novi</span> <span class='ocrx_word' id='word_1_75' title='bbox 1661 594 1708 631; x_wconf 90' lang='lat' dir='ltr'>D.</span> 
     </span>
     <span class='ocr_line' id='line_1_8' title="bbox 146 660 1431 719; baseline -0.009 -11"><span class='ocrx_word' id='word_1_76' title='bbox 146 668 353 719; x_wconf 81' lang='lat' dir='ltr'>Bullingeri</span> <span class='ocrx_word' id='word_1_77' title='bbox 377 667 660 711; x_wconf 83' lang='lat' dir='ltr'>humanitatem,</span> <span class='ocrx_word' id='word_1_78' title='bbox 685 665 744 703; x_wconf 87' lang='lat' dir='ltr'>cui</span> <span class='ocrx_word' id='word_1_79' title='bbox 775 678 835 702; x_wconf 90' lang='lat' dir='ltr'>me</span> <span class='ocrx_word' id='word_1_80' title='bbox 866 664 1100 708; x_wconf 83' lang='lat' dir='ltr'>commendo,</span> <span class='ocrx_word' id='word_1_81' title='bbox 1132 663 1236 699; x_wconf 87' lang='lat' dir='ltr'>illum</span> <span class='ocrx_word' id='word_1_82' title='bbox 1268 660 1431 699; x_wconf 87' lang='lat' dir='ltr'>Christo.</span> 
     </span>
     <span class='ocr_line' id='line_1_9' title="bbox 223 723 1477 779; baseline -0.009 -7"><span class='ocrx_word' id='word_1_83' title='bbox 223 733 325 779; x_wconf 79' lang='lat' dir='ltr'>Vale,</span> <span class='ocrx_word' id='word_1_84' title='bbox 353 732 406 770; x_wconf 91' lang='lat' dir='ltr'>vir</span> <span class='ocrx_word' id='word_1_85' title='bbox 433 730 674 769; x_wconf 82' lang='lat' dir='ltr'>sanctissime.</span> <span class='ocrx_word' id='word_1_86' title='bbox 730 730 905 773; x_wconf 78' lang='lat' dir='ltr'>Genevae,</span> <span class='ocrx_word' id='word_1_87' title='bbox 928 731 974 764; x_wconf 82' lang='lat'>13</span> <span class='ocrx_word' id='word_1_88' title='bbox 993 727 1066 765; x_wconf 80' lang='lat' dir='ltr'>kal.</span> <span class='ocrx_word' id='word_1_89' title='bbox 1096 726 1290 765; x_wconf 85' lang='lat' dir='ltr'>Decembr.</span> <span class='ocrx_word' id='word_1_90' title='bbox 1322 723 1477 777; x_wconf 75' lang='lat'>(1558).</span> 
     </span>
    </p>
   </div>
   <div class='ocr_carea' id='block_1_3' title="bbox 763 803 1216 845">
    <p class='ocr_par' dir='ltr' id='par_1_3' title="bbox 763 803 1216 845">
     <span class='ocr_line' id='line_1_10' title="bbox 763 803 1216 845; baseline -0.007 -3"><span class='ocrx_word' id='word_1_91' title='bbox 763 804 864 842; x_wconf 82' lang='lat' dir='ltr'>TUUS</span> <span class='ocrx_word' id='word_1_92' title='bbox 890 817 974 841; x_wconf 71' lang='lat' dir='ltr'>vere</span> <span class='ocrx_word' id='word_1_93' title='bbox 1002 817 1048 841; x_wconf 76' lang='lat' dir='ltr'>CX</span> <span class='ocrx_word' id='word_1_94' title='bbox 1077 803 1216 845; x_wconf 73' lang='lat' dir='ltr'>animo,</span> 
     </span>
    </p>
   </div>
   <div class='ocr_carea' id='block_1_4' title="bbox 378 875 1659 927">
    <p class='ocr_par' dir='ltr' id='par_1_4' title="bbox 378 875 1659 927">
     <span class='ocr_line' id='line_1_11' title="bbox 378 875 1659 927; baseline -0.006 -6"><span class='ocrx_word' id='word_1_95' title='bbox 378 894 630 922; x_wconf 69' lang='lat' dir='ltr'>mscmp&#39;mo.</span> <span class='ocrx_word' id='word_1_96' title='bbox 910 878 1150 917; x_wconf 63' lang='lat' dir='ltr'>JACOBFS</span> <span class='ocrx_word' id='word_1_97' title='bbox 1187 877 1449 923; x_wconf 78' lang='lat' dir='ltr'><strong>LETHEUS,</strong></span> <span class='ocrx_word' id='word_1_98' title='bbox 1503 875 1659 927; x_wconf 82' lang='lat' dir='ltr'>Anglus.</span> 
     </span>
    </p>
   </div>
   <div class='ocr_carea' id='block_1_5' title="bbox 230 956 1010 1192">
    <p class='ocr_par' dir='ltr' id='par_1_5' title="bbox 230 956 1010 1192">
     <span class='ocr_line' id='line_1_12' title="bbox 230 956 1010 1011; baseline -0.01 -12"><span class='ocrx_word' id='word_1_99' title='bbox 230 963 383 1011; x_wconf 72' lang='lat' dir='ltr'>Optimo</span> <span class='ocrx_word' id='word_1_100' title='bbox 411 961 494 996; x_wconf 69' lang='lat' dir='ltr'>viro</span> <span class='ocrx_word' id='word_1_101' title='bbox 520 971 565 995; x_wconf 81' lang='lat' dir='ltr'>ac</span> <span class='ocrx_word' id='word_1_102' title='bbox 593 957 809 994; x_wconf 65' lang='lat' dir='ltr'>doctissimo</span> <span class='ocrx_word' id='word_1_103' title='bbox 829 956 1010 1002; x_wconf 70' lang='lat' dir='ltr'>theologo,</span> 
     </span>
     <span class='ocr_line' id='line_1_13' title="bbox 301 1021 1007 1069; baseline -0.011 -6"><span class='ocrx_word' id='word_1_104' title='bbox 301 1026 349 1063; x_wconf 92' lang='lat' dir='ltr'>D.</span> <span class='ocrx_word' id='word_1_105' title='bbox 371 1025 541 1062; x_wconf 72' lang='lat' dir='ltr'>Henrico</span> <span class='ocrx_word' id='word_1_106' title='bbox 567 1022 807 1069; x_wconf 69' lang='lat' dir='ltr'>Bullingcro,</span> <span class='ocrx_word' id='word_1_107' title='bbox 833 1021 1007 1056; x_wconf 77' lang='lat' dir='ltr'>ministro</span> 
     </span>
     <span class='ocr_line' id='line_1_14' title="bbox 298 1085 1006 1137; baseline -0.01 -11"><span class='ocrx_word' id='word_1_108' title='bbox 298 1090 402 1127; x_wconf 66' lang='lat' dir='ltr'>verbi</span> <span class='ocrx_word' id='word_1_109' title='bbox 428 1089 499 1125; x_wconf 62' lang='lat' dir='ltr'>Dei</span> <span class='ocrx_word' id='word_1_110' title='bbox 527 1088 560 1124; x_wconf 88' lang='lat' dir='ltr'><em>T</em></span> <span class='ocrx_word' id='word_1_111' title='bbox 561 1087 675 1137; x_wconf 77' lang='lat' dir='ltr'>iguri,</span> <span class='ocrx_word' id='word_1_112' title='bbox 714 1085 923 1124; x_wconf 69' lang='lat' dir='ltr'>tradantur</span> <span class='ocrx_word' id='word_1_113' title='bbox 949 1085 1006 1122; x_wconf 72' lang='lat' dir='ltr'>lzoe</span> 
     </span>
     <span class='ocr_line' id='line_1_15' title="bbox 300 1155 422 1192; baseline -0.008 -1"><span class='ocrx_word' id='word_1_114' title='bbox 300 1155 422 1192; x_wconf 72' lang='lat' dir='ltr'>lileroe.</span> 
     </span>
    </p>
   </div>
   <div class='ocr_carea' id='block_1_6' title="bbox 673 1384 1176 1428">
    <p class='ocr_par' dir='ltr' id='par_1_6' title="bbox 673 1384 1176 1428">
     <span class='ocr_line' id='line_1_16' title="bbox 673 1384 1176 1428; baseline 0 -1"><span class='ocrx_word' id='word_1_115' title='bbox 673 1384 969 1428; x_wconf 87' lang='lat' dir='ltr'>EPISTOLA</span> <span class='ocrx_word' id='word_1_116' title='bbox 1004 1384 1176 1427; x_wconf 82' lang='lat' dir='ltr'>XCIII.</span> 
     </span>
    </p>
   </div>
   <div class='ocr_carea' id='block_1_7' title="bbox 828 1489 1021 1496">
    <p class='ocr_par' dir='ltr' id='par_1_7' title="bbox 828 1489 1021 1496">
     <span class='ocr_line' id='line_1_17' title="bbox 828 1489 1021 1496; baseline 0 0"><span class='ocrx_word' id='word_1_117' title='bbox 828 1489 1021 1496; x_wconf 95' lang='lat' dir='ltr'> </span> 
     </span>
    </p>
   </div>
   <div class='ocr_carea' id='block_1_8' title="bbox 217 1537 1636 1575">
    <p class='ocr_par' dir='ltr' id='par_1_8' title="bbox 217 1537 1636 1575">
     <span class='ocr_line' id='line_1_18' title="bbox 217 1537 1636 1575; baseline -0.004 -1"><span class='ocrx_word' id='word_1_118' title='bbox 217 1542 473 1575; x_wconf 78' lang='lat' dir='ltr'>JOHANNES</span> <span class='ocrx_word' id='word_1_119' title='bbox 505 1542 853 1574; x_wconf 84' lang='lat' dir='ltr'>PARKHURSTUS</span> <span class='ocrx_word' id='word_1_120' title='bbox 883 1543 950 1573; x_wconf 81' lang='lat' dir='ltr'>AD</span> <span class='ocrx_word' id='word_1_121' title='bbox 981 1541 1240 1573; x_wconf 83' lang='lat' dir='ltr'>HENRICUM</span> <span class='ocrx_word' id='word_1_122' title='bbox 1270 1537 1636 1571; x_wconf 84' lang='lat' dir='ltr'>BULLINGERUM.</span> 
     </span>
    </p>
   </div>
   <div class='ocr_carea' id='block_1_9' title="bbox 140 1620 1711 3026">
    <p class='ocr_par' dir='ltr' id='par_1_9' title="bbox 140 1620 1711 2317">
     <span class='ocr_line' id='line_1_19' title="bbox 222 1620 1710 1674; baseline -0.002 -13"><span class='ocrx_word' id='word_1_123' title='bbox 222 1624 378 1669; x_wconf 55' lang='lat' dir='ltr'>Sum,</span> <span class='ocrx_word' id='word_1_124' title='bbox 405 1625 457 1661; x_wconf 90' lang='lat' dir='ltr'>mi</span> <span class='ocrx_word' id='word_1_125' title='bbox 477 1624 703 1674; x_wconf 84' lang='lat' dir='ltr'>Bullingere.</span> <span class='ocrx_word' id='word_1_126' title='bbox 763 1624 874 1669; x_wconf 81' lang='lat' dir='ltr'>Quod</span> <span class='ocrx_word' id='word_1_127' title='bbox 896 1623 1012 1661; x_wconf 86' lang='lat' dir='ltr'>rarius</span> <span class='ocrx_word' id='word_1_128' title='bbox 1037 1624 1083 1660; x_wconf 85' lang='grc'><strong>1111</strong></span> <span class='ocrx_word' id='word_1_129' title='bbox 1106 1629 1143 1660; x_wconf 88' lang='lat' dir='ltr'>te</span> <span class='ocrx_word' id='word_1_130' title='bbox 1169 1622 1391 1673; x_wconf 76' lang='lat' dir='ltr'>scripserim,</span> <span class='ocrx_word' id='word_1_131' title='bbox 1415 1634 1513 1659; x_wconf 84' lang='lat' dir='ltr'>mors</span> <span class='ocrx_word' id='word_1_132' title='bbox 1536 1620 1646 1658; x_wconf 80' lang='lat' dir='ltr'>Abeli</span> <span class='ocrx_word' id='word_1_133' title='bbox 1673 1621 1710 1658; x_wconf 90' lang='grc'>111</span> 
     </span>
     <span class='ocr_line' id='line_1_20' title="bbox 144 1685 1711 1738; baseline -0.004 -11"><span class='ocrx_word' id='word_1_134' title='bbox 144 1702 254 1727; x_wconf 85' lang='lat' dir='ltr'>causa</span> <span class='ocrx_word' id='word_1_135' title='bbox 280 1688 362 1732; x_wconf 85' lang='lat' dir='ltr'>fuit,</span> <span class='ocrx_word' id='word_1_136' title='bbox 398 1688 458 1726; x_wconf 88' lang='lat' dir='ltr'>cui</span> <span class='ocrx_word' id='word_1_137' title='bbox 487 1689 555 1726; x_wconf 87' lang='lat' dir='ltr'>soli</span> <span class='ocrx_word' id='word_1_138' title='bbox 584 1701 686 1725; x_wconf 86' lang='lat' dir='ltr'>meas</span> <span class='ocrx_word' id='word_1_139' title='bbox 718 1688 841 1725; x_wconf 78' lang='lat' dir='ltr'>literas</span> <span class='ocrx_word' id='word_1_140' title='bbox 873 1694 910 1725; x_wconf 90' lang='lat' dir='ltr'>et</span> <span class='ocrx_word' id='word_1_141' title='bbox 947 1688 1020 1725; x_wconf 81' lang='lat' dir='ltr'>alia</span> <span class='ocrx_word' id='word_1_142' title='bbox 1052 1700 1285 1738; x_wconf 56' lang='lat' dir='ltr'>quaecunque</span> <span class='ocrx_word' id='word_1_143' title='bbox 1315 1686 1548 1724; x_wconf 80' lang='lat' dir='ltr'>committere</span> <span class='ocrx_word' id='word_1_144' title='bbox 1580 1685 1711 1722; x_wconf 88' lang='lat' dir='ltr'>solitus</span> 
     </span>
     <span class='ocr_line' id='line_1_21' title="bbox 142 1749 1706 1800; baseline -0.003 -10"><span class='ocrx_word' id='word_1_145' title='bbox 142 1765 244 1791; x_wconf 86' lang='lat' dir='ltr'>sum:</span> <span class='ocrx_word' id='word_1_146' title='bbox 274 1758 352 1790; x_wconf 82' lang='lat' dir='ltr'>erat</span> <span class='ocrx_word' id='word_1_147' title='bbox 376 1752 475 1789; x_wconf 87' lang='lat' dir='ltr'>enim</span> <span class='ocrx_word' id='word_1_148' title='bbox 495 1752 694 1789; x_wconf 83' lang='lat' dir='ltr'>fidissimus</span> <span class='ocrx_word' id='word_1_149' title='bbox 719 1753 880 1790; x_wconf 84' lang='lat' dir='ltr'>amicus:</span> <span class='ocrx_word' id='word_1_150' title='bbox 910 1757 947 1788; x_wconf 89' lang='lat' dir='ltr'>et</span> <span class='ocrx_word' id='word_1_151' title='bbox 972 1751 1034 1788; x_wconf 88' lang='lat' dir='ltr'>ubi</span> <span class='ocrx_word' id='word_1_152' title='bbox 1060 1751 1173 1788; x_wconf 86' lang='lat' dir='ltr'>alium</span> <span class='ocrx_word' id='word_1_153' title='bbox 1191 1751 1353 1788; x_wconf 87' lang='lat' dir='ltr'>Abelum</span> <span class='ocrx_word' id='word_1_154' title='bbox 1371 1750 1535 1787; x_wconf 87' lang='lat' dir='ltr'>invenire</span> <span class='ocrx_word' id='word_1_155' title='bbox 1554 1749 1706 1800; x_wconf 85' lang='lat' dir='ltr'>possim,</span> 
     </span>
     <span class='ocr_line' id='line_1_22' title="bbox 141 1813 1708 1868; baseline -0.003 -14"><span class='ocrx_word' id='word_1_156' title='bbox 141 1817 251 1868; x_wconf 85' lang='lat' dir='ltr'>plane</span> <span class='ocrx_word' id='word_1_157' title='bbox 287 1815 427 1853; x_wconf 86' lang='lat' dir='ltr'>dubito.</span> <span class='ocrx_word' id='word_1_158' title='bbox 496 1817 568 1854; x_wconf 75' lang='lat' dir='ltr'>Sed</span> <span class='ocrx_word' id='word_1_159' title='bbox 607 1817 803 1862; x_wconf 83' lang='lat' dir='ltr'>Dominus,</span> <span class='ocrx_word' id='word_1_160' title='bbox 842 1817 897 1853; x_wconf 85' lang='lat' dir='ltr'>uti</span> <span class='ocrx_word' id='word_1_161' title='bbox 929 1829 1049 1867; x_wconf 82' lang='lat' dir='ltr'>spero,</span> <span class='ocrx_word' id='word_1_162' title='bbox 1087 1816 1281 1853; x_wconf 78' lang='lat' dir='ltr'>suscitabit</span> <span class='ocrx_word' id='word_1_163' title='bbox 1316 1815 1407 1852; x_wconf 85' lang='lat' dir='ltr'>mihi</span> <span class='ocrx_word' id='word_1_164' title='bbox 1438 1815 1610 1858; x_wconf 84' lang='lat' dir='ltr'>similem,</span> <span class='ocrx_word' id='word_1_165' title='bbox 1646 1813 1708 1864; x_wconf 89' lang='lat' dir='ltr'>qui</span> 
     </span>
     <span class='ocr_line' id='line_1_23' title="bbox 143 1878 1708 1932; baseline -0.002 -14"><span class='ocrx_word' id='word_1_166' title='bbox 143 1881 222 1931; x_wconf 83' lang='lat' dir='ltr'>ejus</span> <span class='ocrx_word' id='word_1_167' title='bbox 241 1893 391 1917; x_wconf 87' lang='lat' dir='ltr'>munere</span> <span class='ocrx_word' id='word_1_168' title='bbox 416 1881 453 1917; x_wconf 92' lang='lat' dir='ltr'>in</span> <span class='ocrx_word' id='word_1_169' title='bbox 475 1887 665 1931; x_wconf 90' lang='lat' dir='ltr'>posterum</span> <span class='ocrx_word' id='word_1_170' title='bbox 683 1882 870 1932; x_wconf 79' lang='lat' dir='ltr'>fungatur.</span> <span class='ocrx_word' id='word_1_171' title='bbox 928 1880 1180 1918; x_wconf 88' lang='lat' dir='ltr'>Nordovicum</span> <span class='ocrx_word' id='word_1_172' title='bbox 1204 1880 1278 1917; x_wconf 89' lang='lat' dir='ltr'>fere</span> <span class='ocrx_word' id='word_1_173' title='bbox 1300 1882 1372 1916; x_wconf 87' lang='lat'>100</span> <span class='ocrx_word' id='word_1_174' title='bbox 1399 1879 1615 1916; x_wconf 83' lang='lat' dir='ltr'>milliaribus</span> <span class='ocrx_word' id='word_1_175' title='bbox 1635 1878 1708 1916; x_wconf 81' lang='lat' dir='ltr'>dis-</span> 
     </span>
     <span class='ocr_line' id='line_1_24' title="bbox 140 1943 1705 1996; baseline -0.002 -14"><span class='ocrx_word' id='word_1_176' title='bbox 140 1951 197 1982; x_wconf 84' lang='lat' dir='ltr'>tat</span> <span class='ocrx_word' id='word_1_177' title='bbox 224 1945 269 1981; x_wconf 87' lang='lat' dir='ltr'>ab</span> <span class='ocrx_word' id='word_1_178' title='bbox 301 1945 388 1981; x_wconf 88' lang='lat' dir='ltr'>urbe</span> <span class='ocrx_word' id='word_1_179' title='bbox 421 1944 661 1989; x_wconf 87' lang='lat' dir='ltr'>Londinensi,</span> <span class='ocrx_word' id='word_1_180' title='bbox 689 1958 763 1996; x_wconf 90' lang='lat' dir='ltr'>quo</span> <span class='ocrx_word' id='word_1_181' title='bbox 788 1959 861 1996; x_wconf 78' lang='lat' dir='ltr'>ego</span> <span class='ocrx_word' id='word_1_182' title='bbox 889 1959 965 1982; x_wconf 88' lang='lat' dir='ltr'>non</span> <span class='ocrx_word' id='word_1_183' title='bbox 997 1945 1098 1981; x_wconf 88' lang='lat' dir='ltr'>soleo</span> <span class='ocrx_word' id='word_1_184' title='bbox 1130 1944 1302 1995; x_wconf 88' lang='lat' dir='ltr'>equitare,</span> <span class='ocrx_word' id='word_1_185' title='bbox 1334 1944 1404 1981; x_wconf 88' lang='lat' dir='ltr'>nisi</span> <span class='ocrx_word' id='word_1_186' title='bbox 1430 1944 1475 1981; x_wconf 87' lang='lat' dir='ltr'>ad</span> <span class='ocrx_word' id='word_1_187' title='bbox 1503 1943 1705 1994; x_wconf 86' lang='lat' dir='ltr'>parlamen-</span> 
     </span>
     <span class='ocr_line' id='line_1_25' title="bbox 140 2007 1706 2060; baseline -0.001 -15"><span class='ocrx_word' id='word_1_188' title='bbox 140 2014 221 2046; x_wconf 86' lang='lat' dir='ltr'>tum</span> <span class='ocrx_word' id='word_1_189' title='bbox 241 2015 404 2053; x_wconf 88' lang='lat' dir='ltr'>vocatus‚</span> <span class='ocrx_word' id='word_1_190' title='bbox 425 2009 524 2059; x_wconf 86' lang='lat' dir='ltr'>quod</span> <span class='ocrx_word' id='word_1_191' title='bbox 550 2010 719 2059; x_wconf 81' lang='lat' dir='ltr'>proxima</span> <span class='ocrx_word' id='word_1_192' title='bbox 736 2009 868 2060; x_wconf 85' lang='lat' dir='ltr'>hyeme</span> <span class='ocrx_word' id='word_1_193' title='bbox 887 2009 1051 2046; x_wconf 80' lang='lat' dir='ltr'>futurum</span> <span class='ocrx_word' id='word_1_194' title='bbox 1071 2015 1137 2046; x_wconf 88' lang='lat' dir='ltr'>est.</span> <span class='ocrx_word' id='word_1_195' title='bbox 1195 2008 1251 2045; x_wconf 87' lang='lat' dir='ltr'>Ibi</span> <span class='ocrx_word' id='word_1_196' title='bbox 1277 2009 1502 2059; x_wconf 63' lang='lat' dir='ltr'>quaerendus</span> <span class='ocrx_word' id='word_1_197' title='bbox 1529 2013 1585 2044; x_wconf 85' lang='lat' dir='ltr'>est</span> <span class='ocrx_word' id='word_1_198' title='bbox 1611 2007 1706 2044; x_wconf 85' lang='lat' dir='ltr'>fidus</span> 
     </span>
     <span class='ocr_line' id='line_1_26' title="bbox 141 2073 1706 2124; baseline 0 -14"><span class='ocrx_word' id='word_1_199' title='bbox 141 2073 287 2124; x_wconf 82' lang='lat' dir='ltr'>aliquis,</span> <span class='ocrx_word' id='word_1_200' title='bbox 322 2074 386 2124; x_wconf 87' lang='lat' dir='ltr'>qui</span> <span class='ocrx_word' id='word_1_201' title='bbox 419 2087 501 2111; x_wconf 87' lang='lat' dir='ltr'>mea</span> <span class='ocrx_word' id='word_1_202' title='bbox 536 2074 581 2111; x_wconf 84' lang='lat' dir='ltr'>ad</span> <span class='ocrx_word' id='word_1_203' title='bbox 614 2087 679 2111; x_wconf 84' lang='lat' dir='ltr'>vos</span> <span class='ocrx_word' id='word_1_204' title='bbox 713 2079 795 2111; x_wconf 90' lang='lat' dir='ltr'>tuto</span> <span class='ocrx_word' id='word_1_205' title='bbox 832 2081 935 2112; x_wconf 89' lang='lat' dir='ltr'>curet</span> <span class='ocrx_word' id='word_1_206' title='bbox 968 2073 1172 2111; x_wconf 82' lang='lat' dir='ltr'>deferenda.</span> <span class='ocrx_word' id='word_1_207' title='bbox 1230 2073 1360 2111; x_wconf 83' lang='lat' dir='ltr'>Nostri</span> <span class='ocrx_word' id='word_1_208' title='bbox 1388 2077 1610 2110; x_wconf 81' lang='lat' dir='ltr'>mercatores</span> <span class='ocrx_word' id='word_1_209' title='bbox 1637 2085 1706 2110; x_wconf 85' lang='grc'><strong>1100</strong></span> 
     </span>
     <span class='ocr_line' id='line_1_27' title="bbox 142 2136 1707 2189; baseline -0.002 -13"><span class='ocrx_word' id='word_1_210' title='bbox 142 2138 351 2176; x_wconf 86' lang='lat' dir='ltr'>Flandriam</span> <span class='ocrx_word' id='word_1_211' title='bbox 376 2151 444 2175; x_wconf 88' lang='grc'><strong>1100</strong></span> <span class='ocrx_word' id='word_1_212' title='bbox 478 2138 700 2189; x_wconf 84' lang='lat' dir='ltr'>Hispaniam</span> <span class='ocrx_word' id='word_1_213' title='bbox 728 2138 883 2176; x_wconf 84' lang='lat' dir='ltr'>libenter</span> <span class='ocrx_word' id='word_1_214' title='bbox 909 2138 1072 2176; x_wconf 83' lang='lat' dir='ltr'>adeunt:</span> <span class='ocrx_word' id='word_1_215' title='bbox 1108 2143 1281 2175; x_wconf 87' lang='lat' dir='ltr'>metuunt</span> <span class='ocrx_word' id='word_1_216' title='bbox 1311 2137 1411 2174; x_wconf 88' lang='grc'><strong>0111111</strong></span> <span class='ocrx_word' id='word_1_217' title='bbox 1442 2136 1510 2174; x_wconf 89' lang='lat' dir='ltr'>sibi</span> <span class='ocrx_word' id='word_1_218' title='bbox 1541 2137 1586 2174; x_wconf 87' lang='lat' dir='ltr'>ab</span> <span class='ocrx_word' id='word_1_219' title='bbox 1617 2136 1707 2174; x_wconf 85' lang='lat' dir='ltr'>His-</span> 
     </span>
     <span class='ocr_line' id='line_1_28' title="bbox 144 2201 1706 2254; baseline 0.001 -16"><span class='ocrx_word' id='word_1_220' title='bbox 144 2202 276 2252; x_wconf 85' lang='lat' dir='ltr'>panica</span> <span class='ocrx_word' id='word_1_221' title='bbox 314 2202 553 2253; x_wconf 84' lang='lat' dir='ltr'>inquisitione</span> <span class='ocrx_word' id='word_1_222' title='bbox 591 2203 674 2254; x_wconf 81' lang='lat' dir='ltr'>plus</span> <span class='ocrx_word' id='word_1_223' title='bbox 714 2216 825 2254; x_wconf 82' lang='lat' dir='ltr'>quam</span> <span class='ocrx_word' id='word_1_224' title='bbox 871 2202 1064 2247; x_wconf 83' lang='lat' dir='ltr'>diabolica,</span> <span class='ocrx_word' id='word_1_225' title='bbox 1107 2215 1193 2253; x_wconf 82' lang='grc'><strong>(11110</strong></span> <span class='ocrx_word' id='word_1_226' title='bbox 1235 2215 1302 2240; x_wconf 85' lang='lat' dir='ltr'>neo</span> <span class='ocrx_word' id='word_1_227' title='bbox 1347 2201 1422 2240; x_wconf 86' lang='lat' dir='ltr'>suis</span> <span class='ocrx_word' id='word_1_228' title='bbox 1461 2214 1530 2239; x_wconf 86' lang='lat' dir='ltr'>nec</span> <span class='ocrx_word' id='word_1_229' title='bbox 1571 2202 1706 2240; x_wconf 69' lang='lat' dir='ltr'>exteris</span> 
     </span>
     <span class='ocr_line' id='line_1_29' title="bbox 140 2266 268 2317; baseline -0.008 -13"><span class='ocrx_word' id='word_1_230' title='bbox 140 2266 268 2317; x_wconf 86' lang='lat' dir='ltr'>parcit.</span> 
     </span>
    </p>

    <p class='ocr_par' dir='ltr' id='par_1_10' title="bbox 144 2330 1707 2768">
     <span class='ocr_line' id='line_1_30' title="bbox 228 2330 1707 2384; baseline 0.001 -16"><span class='ocrx_word' id='word_1_231' title='bbox 228 2330 449 2376; x_wconf 79' lang='lat' dir='ltr'>Grindassus,</span> <span class='ocrx_word' id='word_1_232' title='bbox 487 2345 605 2383; x_wconf 82' lang='lat' dir='ltr'>nuper</span> <span class='ocrx_word' id='word_1_233' title='bbox 641 2332 891 2370; x_wconf 85' lang='lat' dir='ltr'>Londinensis</span> <span class='ocrx_word' id='word_1_234' title='bbox 929 2333 1138 2384; x_wconf 66' lang='grc'><strong>011150011115,</strong></span> <span class='ocrx_word' id='word_1_235' title='bbox 1168 2331 1287 2369; x_wconf 85' lang='lat' dir='ltr'>factus</span> <span class='ocrx_word' id='word_1_236' title='bbox 1320 2338 1376 2370; x_wconf 85' lang='lat' dir='ltr'>est</span> <span class='ocrx_word' id='word_1_237' title='bbox 1406 2330 1707 2383; x_wconf 79' lang='lat' dir='ltr'>archiepiscopus</span> 
     </span>
     <span class='ocr_line' id='line_1_31' title="bbox 145 2395 1706 2447; baseline 0.002 -15"><span class='ocrx_word' id='word_1_238' title='bbox 145 2395 407 2441; x_wconf 85' lang='lat' dir='ltr'>Eboracensis;</span> <span class='ocrx_word' id='word_1_239' title='bbox 430 2396 573 2434; x_wconf 84' lang='lat' dir='ltr'>Sandus</span> <span class='ocrx_word' id='word_1_240' title='bbox 591 2396 876 2447; x_wconf 68' lang='lat' dir='ltr'>VVigorniensiS,</span> <span class='ocrx_word' id='word_1_241' title='bbox 898 2397 1157 2434; x_wconf 88' lang='lat' dir='ltr'>Londinensis.</span> <span class='ocrx_word' id='word_1_242' title='bbox 1188 2396 1298 2434; x_wconf 86' lang='lat' dir='ltr'>Circa</span> <span class='ocrx_word' id='word_1_243' title='bbox 1316 2396 1463 2434; x_wconf 88' lang='lat' dir='ltr'>initium</span> <span class='ocrx_word' id='word_1_244' title='bbox 1485 2396 1706 2435; x_wconf 89' lang='lat' dir='ltr'>Novembris</span> 
     </span>
     <span class='ocr_line' id='line_1_32' title="bbox 145 2460 1705 2511; baseline 0.001 -15"><span class='ocrx_word' id='word_1_245' title='bbox 145 2472 294 2509; x_wconf 61' lang='lat' dir='ltr'>magnae</span> <span class='ocrx_word' id='word_1_246' title='bbox 315 2461 426 2497; x_wconf 89' lang='lat' dir='ltr'>maris</span> <span class='ocrx_word' id='word_1_247' title='bbox 445 2461 705 2498; x_wconf 85' lang='lat' dir='ltr'>inundationes</span> <span class='ocrx_word' id='word_1_248' title='bbox 730 2462 888 2498; x_wconf 87' lang='lat' dir='ltr'>multum</span> <span class='ocrx_word' id='word_1_249' title='bbox 912 2461 1037 2498; x_wconf 89' lang='lat' dir='ltr'>damni</span> <span class='ocrx_word' id='word_1_250' title='bbox 1061 2461 1213 2498; x_wconf 83' lang='lat' dir='ltr'>diversis</span> <span class='ocrx_word' id='word_1_251' title='bbox 1238 2460 1393 2510; x_wconf 75' lang='lat' dir='ltr'>Angliae</span> <span class='ocrx_word' id='word_1_252' title='bbox 1418 2461 1583 2511; x_wconf 88' lang='lat' dir='ltr'>partibus</span> <span class='ocrx_word' id='word_1_253' title='bbox 1608 2467 1705 2499; x_wconf 86' lang='lat' dir='ltr'>attu-</span> 
     </span>
     <span class='ocr_line' id='line_1_33' title="bbox 144 2522 1705 2576; baseline 0.003 -17"><span class='ocrx_word' id='word_1_254' title='bbox 144 2522 240 2567; x_wconf 86' lang='lat' dir='ltr'>lere;</span> <span class='ocrx_word' id='word_1_255' title='bbox 270 2537 339 2561; x_wconf 86' lang='lat' dir='ltr'>nec</span> <span class='ocrx_word' id='word_1_256' title='bbox 367 2524 550 2562; x_wconf 89' lang='lat' dir='ltr'>immunes</span> <span class='ocrx_word' id='word_1_257' title='bbox 576 2531 663 2562; x_wconf 87' lang='lat' dir='ltr'>sunt</span> <span class='ocrx_word' id='word_1_258' title='bbox 691 2538 772 2562; x_wconf 80' lang='lat' dir='ltr'>mea</span> <span class='ocrx_word' id='word_1_259' title='bbox 797 2525 987 2563; x_wconf 80' lang='lat' dir='ltr'>Norfolcia</span> <span class='ocrx_word' id='word_1_260' title='bbox 1014 2531 1051 2563; x_wconf 84' lang='lat' dir='ltr'>ct</span> <span class='ocrx_word' id='word_1_261' title='bbox 1079 2525 1265 2563; x_wconf 84' lang='lat' dir='ltr'>Suffolcia.</span> <span class='ocrx_word' id='word_1_262' title='bbox 1320 2525 1492 2562; x_wconf 82' lang='lat' dir='ltr'>Flandria</span> <span class='ocrx_word' id='word_1_263' title='bbox 1518 2539 1596 2576; x_wconf 74' lang='lat' dir='ltr'>prae</span> <span class='ocrx_word' id='word_1_264' title='bbox 1624 2526 1705 2564; x_wconf 87' lang='lat' dir='ltr'>aliis</span> 
     </span>
     <span class='ocr_line' id='line_1_34' title="bbox 146 2587 1704 2640; baseline 0.003 -18"><span class='ocrx_word' id='word_1_265' title='bbox 146 2587 317 2624; x_wconf 89' lang='lat' dir='ltr'>omnibus</span> <span class='ocrx_word' id='word_1_266' title='bbox 346 2594 401 2625; x_wconf 88' lang='lat' dir='ltr'>est</span> <span class='ocrx_word' id='word_1_267' title='bbox 429 2588 590 2626; x_wconf 85' lang='lat' dir='ltr'>adflicta.</span> <span class='ocrx_word' id='word_1_268' title='bbox 658 2589 785 2626; x_wconf 84' lang='lat' dir='ltr'>Solum</span> <span class='ocrx_word' id='word_1_269' title='bbox 818 2589 915 2639; x_wconf 82' lang='lat' dir='ltr'>apud</span> <span class='ocrx_word' id='word_1_270' title='bbox 946 2603 1016 2627; x_wconf 85' lang='lat' dir='ltr'>nos</span> <span class='ocrx_word' id='word_1_271' title='bbox 1044 2590 1127 2627; x_wconf 80' lang='lat' dir='ltr'>altis</span> <span class='ocrx_word' id='word_1_272' title='bbox 1155 2589 1299 2627; x_wconf 83' lang='lat' dir='ltr'>nivibus</span> <span class='ocrx_word' id='word_1_273' title='bbox 1329 2588 1476 2640; x_wconf 83' lang='lat' dir='ltr'>(quales</span> <span class='ocrx_word' id='word_1_274' title='bbox 1504 2603 1576 2640; x_wconf 81' lang='lat' dir='ltr'>ego</span> <span class='ocrx_word' id='word_1_275' title='bbox 1609 2604 1704 2627; x_wconf 87' lang='lat' dir='ltr'>nun-</span> 
     </span>
     <span class='ocr_line' id='line_1_35' title="bbox 150 2650 1704 2703; baseline 0.004 -17"><span class='ocrx_word' id='word_1_276' title='bbox 150 2662 260 2699; x_wconf 86' lang='lat' dir='ltr'>quam</span> <span class='ocrx_word' id='word_1_277' title='bbox 292 2650 381 2699; x_wconf 84' lang='lat' dir='ltr'>vidi)</span> <span class='ocrx_word' id='word_1_278' title='bbox 414 2652 555 2702; x_wconf 86' lang='lat' dir='ltr'>aliquot</span> <span class='ocrx_word' id='word_1_279' title='bbox 587 2653 802 2703; x_wconf 85' lang='lat' dir='ltr'>septimanis</span> <span class='ocrx_word' id='word_1_280' title='bbox 833 2653 1048 2703; x_wconf 85' lang='lat' dir='ltr'>adopertum</span> <span class='ocrx_word' id='word_1_281' title='bbox 1081 2659 1118 2691; x_wconf 88' lang='lat' dir='ltr'>et</span> <span class='ocrx_word' id='word_1_282' title='bbox 1147 2653 1217 2691; x_wconf 86' lang='lat' dir='ltr'>fuit</span> <span class='ocrx_word' id='word_1_283' title='bbox 1248 2659 1286 2690; x_wconf 88' lang='lat' dir='ltr'>et</span> <span class='ocrx_word' id='word_1_284' title='bbox 1319 2658 1386 2690; x_wconf 85' lang='lat' dir='ltr'>est.</span> <span class='ocrx_word' id='word_1_285' title='bbox 1454 2653 1561 2691; x_wconf 87' lang='lat' dir='ltr'>Nihil</span> <span class='ocrx_word' id='word_1_286' title='bbox 1592 2654 1704 2692; x_wconf 88' lang='lat' dir='ltr'>viride</span> 
     </span>
     <span class='ocr_line' id='line_1_36' title="bbox 148 2717 1514 2768; baseline 0.004 -19"><span class='ocrx_word' id='word_1_287' title='bbox 148 2725 302 2764; x_wconf 89' lang='lat' dir='ltr'>usquam</span> <span class='ocrx_word' id='word_1_288' title='bbox 327 2722 489 2765; x_wconf 87' lang='lat' dir='ltr'>apparet.</span> <span class='ocrx_word' id='word_1_289' title='bbox 544 2717 642 2754; x_wconf 90' lang='lat' dir='ltr'>Lues</span> <span class='ocrx_word' id='word_1_290' title='bbox 669 2730 843 2768; x_wconf 88' lang='lat' dir='ltr'>pecorum</span> <span class='ocrx_word' id='word_1_291' title='bbox 865 2723 1012 2768; x_wconf 86' lang='lat' dir='ltr'>propter</span> <span class='ocrx_word' id='word_1_292' title='bbox 1038 2718 1201 2768; x_wconf 83' lang='lat' dir='ltr'>inopiam</span> <span class='ocrx_word' id='word_1_293' title='bbox 1227 2717 1299 2755; x_wconf 90' lang='lat' dir='ltr'>cibi</span> <span class='ocrx_word' id='word_1_294' title='bbox 1325 2717 1514 2755; x_wconf 86' lang='lat' dir='ltr'>metuitur.</span> 
     </span>
    </p>

    <p class='ocr_par' dir='ltr' id='par_1_11' title="bbox 148 2778 1705 3026">
     <span class='ocr_line' id='line_1_37' title="bbox 224 2778 1702 2833; baseline 0.003 -18"><span class='ocrx_word' id='word_1_295' title='bbox 224 2778 330 2815; x_wconf 87' lang='lat' dir='ltr'>Uxor</span> <span class='ocrx_word' id='word_1_296' title='bbox 353 2792 437 2817; x_wconf 87' lang='lat' dir='ltr'>mea</span> <span class='ocrx_word' id='word_1_297' title='bbox 461 2780 505 2817; x_wconf 87' lang='lat' dir='ltr'>ab</span> <span class='ocrx_word' id='word_1_298' title='bbox 534 2781 641 2818; x_wconf 87' lang='lat' dir='ltr'>initio</span> <span class='ocrx_word' id='word_1_299' title='bbox 669 2781 890 2819; x_wconf 83' lang='lat' dir='ltr'>Novembris</span> <span class='ocrx_word' id='word_1_300' title='bbox 920 2782 966 2819; x_wconf 85' lang='lat' dir='ltr'>ad</span> <span class='ocrx_word' id='word_1_301' title='bbox 991 2781 1090 2819; x_wconf 86' lang='lat' dir='ltr'>hunc</span> <span class='ocrx_word' id='word_1_302' title='bbox 1112 2795 1230 2833; x_wconf 87' lang='lat' dir='ltr'>usque</span> <span class='ocrx_word' id='word_1_303' title='bbox 1256 2782 1352 2819; x_wconf 86' lang='lat' dir='ltr'>diem</span> <span class='ocrx_word' id='word_1_304' title='bbox 1375 2782 1583 2832; x_wconf 67' lang='lat' dir='ltr'>aegrotavit,</span> <span class='ocrx_word' id='word_1_305' title='bbox 1608 2796 1702 2820; x_wconf 89' lang='lat' dir='ltr'>non-</span> 
     </span>
     <span class='ocr_line' id='line_1_38' title="bbox 148 2840 1705 2896; baseline 0.004 -19"><span class='ocrx_word' id='word_1_306' title='bbox 148 2840 234 2878; x_wconf 82' lang='lat' dir='ltr'>dum</span> <span class='ocrx_word' id='word_1_307' title='bbox 266 2843 461 2880; x_wconf 86' lang='lat' dir='ltr'>convaluit.</span> <span class='ocrx_word' id='word_1_308' title='bbox 519 2844 633 2889; x_wconf 80' lang='lat' dir='ltr'>Quod</span> <span class='ocrx_word' id='word_1_309' title='bbox 659 2845 689 2882; x_wconf 86' lang='lat' dir='ltr'>si</span> <span class='ocrx_word' id='word_1_310' title='bbox 715 2845 853 2883; x_wconf 81' lang='lat' dir='ltr'>scivero</span> <span class='ocrx_word' id='word_1_311' title='bbox 882 2845 948 2883; x_wconf 84' lang='lat' dir='ltr'>has</span> <span class='ocrx_word' id='word_1_312' title='bbox 976 2858 1078 2883; x_wconf 84' lang='lat' dir='ltr'>meas</span> <span class='ocrx_word' id='word_1_313' title='bbox 1110 2846 1157 2882; x_wconf 82' lang='lat' dir='ltr'>ad</span> <span class='ocrx_word' id='word_1_314' title='bbox 1182 2859 1248 2882; x_wconf 82' lang='lat' dir='ltr'>vos</span> <span class='ocrx_word' id='word_1_315' title='bbox 1276 2850 1359 2883; x_wconf 89' lang='lat' dir='ltr'>tuto</span> <span class='ocrx_word' id='word_1_316' title='bbox 1385 2845 1539 2890; x_wconf 85' lang='lat' dir='ltr'>delatas,</span> <span class='ocrx_word' id='word_1_317' title='bbox 1567 2847 1705 2896; x_wconf 78' lang='lat' dir='ltr'>saepius</span> 
     </span>
     <span class='ocr_line' id='line_1_39' title="bbox 149 2905 1705 2960; baseline 0.004 -18"><span class='ocrx_word' id='word_1_318' title='bbox 149 2905 304 2943; x_wconf 87' lang='lat' dir='ltr'>scribere</span> <span class='ocrx_word' id='word_1_319' title='bbox 333 2907 504 2944; x_wconf 86' lang='lat' dir='ltr'>conabor.</span> <span class='ocrx_word' id='word_1_320' title='bbox 575 2909 673 2946; x_wconf 81' lang='lat' dir='ltr'>Nam</span> <span class='ocrx_word' id='word_1_321' title='bbox 705 2922 804 2947; x_wconf 88' lang='lat' dir='ltr'>mors</span> <span class='ocrx_word' id='word_1_322' title='bbox 829 2909 952 2953; x_wconf 87' lang='lat' dir='ltr'>Abeli,</span> <span class='ocrx_word' id='word_1_323' title='bbox 984 2909 1166 2947; x_wconf 86' lang='lat' dir='ltr'>tumultus</span> <span class='ocrx_word' id='word_1_324' title='bbox 1198 2909 1355 2960; x_wconf 81' lang='lat' dir='ltr'>Belgici,</span> <span class='ocrx_word' id='word_1_325' title='bbox 1389 2914 1426 2945; x_wconf 88' lang='lat' dir='ltr'>et</span> <span class='ocrx_word' id='word_1_326' title='bbox 1458 2909 1705 2960; x_wconf 82' lang='lat' dir='ltr'>exploratores</span> 
     </span>
     <span class='ocr_line' id='line_1_40' title="bbox 148 2969 1495 3026; baseline 0.004 -20"><span class='ocrx_word' id='word_1_327' title='bbox 148 2969 323 3020; x_wconf 83' lang='lat' dir='ltr'>undique,</span> <span class='ocrx_word' id='word_1_328' title='bbox 351 2976 526 3008; x_wconf 81' lang='lat' dir='ltr'>conatum</span> <span class='ocrx_word' id='word_1_329' title='bbox 553 2971 730 3012; x_wconf 82' lang='lat' dir='ltr'>haetenus</span> <span class='ocrx_word' id='word_1_330' title='bbox 757 2974 879 3026; x_wconf 82' lang='lat' dir='ltr'>aliqua</span> <span class='ocrx_word' id='word_1_331' title='bbox 905 2987 951 3011; x_wconf 88' lang='lat' dir='ltr'>ex</span> <span class='ocrx_word' id='word_1_332' title='bbox 978 2979 1079 3024; x_wconf 85' lang='lat' dir='ltr'>parte</span> <span class='ocrx_word' id='word_1_333' title='bbox 1105 2974 1335 3012; x_wconf 85' lang='lat' dir='ltr'>retardarunt</span> <span class='ocrx_word' id='word_1_334' title='bbox 1360 2986 1495 3012; x_wconf 84' lang='lat' dir='ltr'>meum.</span> 
     </span>
    </p>
   </div>
  </div>
 </body>
</html>
