1845 3233
139 132 280 189 xxxa]
666 147 721 172 An
753 147 916 173 PETRUM
952 146 1195 172 MARTYREM.
1669 130 1726 171 43

133 263 347 300 consentire
388 268 570 314 poteram,
612 269 653 300 ut
693 264 817 314 lapsus
861 263 1011 301 occasio
1056 263 1228 300 ecclesiae
1266 260 1407 299 Christi
1453 261 1612 304 daretur,
1647 272 1727 297 non

135 327 293 364 multum
325 327 451 364 aberat
484 328 574 378 quin
605 335 643 365 et
671 329 717 365 ab
753 328 876 366 officio
908 341 1111 373 amoverer,
1142 333 1181 364 et
1214 326 1393 377 principis
1424 324 1727 375 indignationem

138 391 383 429 incurrerem:
418 398 457 429 at
480 393 596 437 Deus,
627 393 665 430 in
696 393 800 443 cujus
826 406 940 430 manu
967 392 1081 430 corda
1112 397 1199 429 sunt
1231 404 1377 440 regum,
1407 402 1474 440 pro
1501 394 1729 439 tempestate

137 456 446 506 tranquillitatem
483 457 598 502 dedit,
636 463 673 494 et
710 457 905 495 eeclesiam
942 455 1194 507 Anglicanam
1235 456 1281 492 ab
1318 453 1535 505 hujusmodi
1570 453 1727 491 offendi-

138 520 231 557 culis
259 520 438 557 liberavit.
484 521 649 558 Tantum
675 527 830 558 manent
856 521 895 558 in
923 520 1079 558 ecclesia
1107 527 1237 557 nostra
1261 519 1485 556 vestimenta
1511 518 1574 555 illa
1603 518 1729 568 papis-

139 584 228 629 tica,
256 582 389 633 (copas
417 585 623 635 intcllige,)
649 599 739 635 quas
766 585 830 622 diu
857 597 935 622 non
963 585 1154 621 duraturas
1182 597 1384 634 speramus

220 648 414 693 Quantum
448 662 496 686 ex
529 663 575 686 eo
606 650 707 700 quod
742 655 781 686 te
817 656 957 699 tuaque
993 649 1183 699 presentia
1213 649 1293 698 jam
1331 647 1544 685 destituitur
1574 645 1727 696 Anglia,

138 713 352 750 detrimenti
397 714 521 765 capiat
564 714 623 751 hic
669 713 825 751 ccclesia
869 719 907 750 et
947 713 1143 762 religionis
1189 711 1398 761 negotium,
1442 711 1645 761 diligenter
1689 715 1730 747 et

141 777 349 828 saepissime
375 778 473 828 apud
492 792 569 823 eos,
589 779 722 829 quibus
740 778 956 828 reipublicae
976 790 1063 814 cura
1085 776 1268 819 imminet,
1291 788 1584 813 commemorare
1604 775 1727 812 solco:

140 842 269 880 nescio
299 848 425 880 tamen
454 842 659 894 quomodo,
692 842 826 879 animis
857 854 985 879 eorum
1013 841 1051 878 in
1079 841 1171 878 alias
1203 853 1262 878 res
1288 840 1527 890 gravissimas
1557 838 1728 882 intentis,

141 905 235 943 nihil
259 905 440 944 hactenus
463 907 509 944 de
534 913 572 944 te
590 906 816 944 accersendo
837 911 1019 943 statutum
1039 905 1159 943 video.
1214 904 1349 947 Semel,
1377 910 1433 941 sat
1455 904 1545 947 scio,
1567 903 1730 953 Reginae

143 970 181 1006 in
208 971 334 1007 animo
363 971 445 1015 fuit,
474 978 516 1008 ut
544 977 582 1008 te
610 976 781 1014 vocaret;
815 970 905 1020 quid
932 983 1018 1007 vero
1044 969 1252 1020 impedivit,
1286 975 1379 1018 puto
1409 974 1445 1005 tc
1470 967 1579 1004 facile
1612 980 1659 1004 ex
1691 972 1730 1003 te

143 1034 320 1084 colligere
350 1049 481 1086 posse:
519 1048 630 1072 causa
661 1034 801 1072 Christi
832 1034 970 1074 multos
1001 1047 1147 1084 semper
1178 1033 1291 1070 habet
1323 1032 1564 1076 adversarios,
1593 1038 1631 1069 et
1667 1031 1730 1082 qui

144 1098 279 1148 optimi
301 1106 400 1145 sunt,
430 1100 590 1150 pessime
614 1112 760 1149 semper
781 1098 957 1135 audiunt:
985 1103 1257 1135 sacramentum
1277 1097 1367 1134 illud
1393 1097 1545 1134 unitatis
1572 1107 1731 1146 magnas

145 1163 233 1201 facit
258 1163 370 1201 hodie
395 1164 607 1201 divisiones.
664 1164 815 1201 Novum
844 1163 911 1199 tibi
936 1163 1154 1213 conjugium
1184 1162 1362 1211 gratulor,
1389 1167 1501 1211 atque
1528 1173 1659 1211 precor
1688 1165 1732 1196 ut

145 1228 234 1265 felix
274 1228 509 1278 faustumque
552 1229 621 1272 sit;
663 1228 979 1278 quemadmodum
1022 1234 1060 1264 et
1091 1225 1184 1263 mihi
1220 1226 1291 1276 ipsi
1329 1232 1433 1276 opto,
1472 1225 1536 1275 qui
1571 1224 1730 1261 eandem

144 1293 311 1342 conjugii
332 1293 454 1342 legem
480 1306 598 1343 nuper
616 1292 722 1329 subii.
773 1291 894 1328 Mirus
912 1290 973 1328 hic
994 1291 1082 1328 belli
1107 1296 1305 1341 apparatus
1326 1296 1394 1335 est,
1418 1290 1552 1341 partim
1577 1289 1624 1326 ad
1645 1301 1731 1339 pro-

144 1356 364 1406 pulsandam
392 1356 584 1393 Gallorum
604 1357 693 1401 vim,
718 1357 748 1393 si
774 1356 883 1402 forte,
909 1356 997 1393 dum
1023 1356 1191 1392 Scotiam
1216 1355 1285 1392 sibi
1310 1355 1507 1405 subjugare
1533 1359 1730 1398 conentur,

145 1426 294 1459 nostros
322 1421 416 1458 fines
444 1421 663 1466 invaserint3
693 1420 830 1471 partim
859 1420 906 1457 ad
934 1420 1114 1457 auxilium
1143 1419 1265 1457 Scotis
1292 1425 1425 1457 contra
1452 1418 1581 1455 Gallos
1611 1417 1733 1454 feren-

145 1485 247 1530 dum,
277 1485 396 1522 sicubi
427 1485 530 1535 pacis
562 1485 684 1522 foedus
715 1485 913 1522 nobiscum
945 1484 1079 1521 initum
1106 1483 1328 1521 violaverint
1358 1483 1465 1520 Galli.
1524 1483 1599 1519 Det
1626 1482 1733 1520 Deus

145 1557 186 1588 ut
215 1550 342 1587 omnia
369 1550 407 1587 in
437 1550 603 1587 nominis
631 1549 687 1586 sui
717 1549 877 1600 gloriam
904 1554 943 1585 et
970 1548 1158 1598 evangelii
1185 1548 1499 1599 propagationem
1528 1546 1689 1583 cedant!

234 1615 335 1652 Haec
370 1614 585 1665 priusquam
621 1613 862 1664 Wigorniam
900 1626 962 1651 me
1002 1613 1194 1663 recipiam,
1232 1626 1307 1663 quo
1343 1612 1444 1650 brevi
1479 1610 1732 1662 profecturum

146 1692 207 1716 me
242 1692 363 1730 spero,
400 1679 518 1716 literis
555 1678 622 1716 tibi
660 1678 910 1728 significanda
946 1677 1061 1714 duxi:
1103 1677 1220 1715 fusius
1256 1690 1345 1714 vero
1382 1676 1624 1728 scripsissem,
1659 1676 1735 1712 nisi

144 1744 245 1794 quod
271 1745 387 1782 sciam
408 1743 559 1781 fratrem
586 1748 757 1781 nostrum
775 1743 952 1787 Juellum,
980 1743 1199 1793 episcopum
1225 1741 1548 1785 Sarisberiensem,
1576 1752 1676 1790 saepe
1695 1746 1734 1777 et

145 1809 346 1859 diligenter
365 1809 410 1845 de
434 1809 542 1846 rebus
567 1808 706 1845 nostris
731 1807 906 1845 omnibus
935 1813 972 1844 te
998 1807 1196 1844 certiorem
1225 1807 1420 1845 facturum.
1476 1806 1516 1843 Si
1535 1818 1607 1856 qua
1631 1805 1670 1841 in
1694 1817 1735 1840 re

146 1872 217 1909 tibi
241 1873 443 1923 gratificari
461 1885 607 1924 queam,
627 1872 736 1910 crede
753 1871 861 1918 mihi,
880 1872 933 1908 mi
960 1871 1177 1909 honorande
1201 1871 1324 1916 Petre,
1347 1884 1408 1907 me
1434 1883 1583 1920 semper
1606 1868 1736 1914 uteris,

147 1938 271 1987 quoad
293 1938 435 1984 vixero,
462 1938 538 1975 imo
567 1937 684 1975 etiam
707 1943 793 1988 post
818 1937 945 1981 vitam,
972 1936 1004 1973 si
1027 1936 1108 1973 fieri
1132 1941 1272 1986 potest,
1299 1949 1366 1986 pro
1392 1935 1571 1972 arbitratu
1596 1939 1673 1971 tuo.

230 2001 371 2046 Saluta,
401 2015 545 2053 quaeso,
571 2002 772 2053 plurimum
799 2014 887 2038 meo
913 2001 1068 2038 nomine
1094 2000 1337 2037 clarissimum
1363 1999 1482 2036 virum
1512 1998 1560 2036 D.
1590 1998 1735 2036 Bullin-

149 2079 298 2115 gerum:
329 2067 448 2104 debeo
477 2067 529 2104 illi
555 2067 693 2112 literas,
722 2067 799 2104 imo
824 2066 952 2103 omnia
979 2065 1032 2102 illi
1060 2065 1192 2109 debeo,
1216 2070 1254 2101 et
1278 2069 1427 2101 tantum
1453 2064 1593 2100 solvam
1617 2075 1734 2112 quan-

149 2137 228 2168 tum
263 2130 417 2180 possim,
448 2130 477 2167 si
509 2131 659 2181 quando
689 2131 822 2168 offerat
850 2143 932 2167 sese
959 2129 1120 2167 occasio.
1178 2129 1307 2167 Saluta
1336 2141 1491 2165 uxorem
1522 2133 1638 2172 tuam,
1666 2126 1736 2163 Ju-

151 2194 239 2232 lium
269 2207 353 2232 cum
380 2195 494 2239 Julia,
525 2195 573 2232 D.
603 2195 879 2238 Hermannum,
911 2194 1066 2231 Paulum
1093 2199 1131 2230 et
1161 2193 1411 2243 Martyrillum
1431 2205 1569 2236 meum,
1599 2191 1735 2242 quibus

149 2260 322 2297 omnibus
347 2260 475 2297 omnia
501 2259 622 2297 felicia
647 2272 790 2310 precor.
842 2258 948 2303 Vale,
974 2257 1253 2302 humanissime,
1281 2257 1512 2301 doctissime,
1536 2270 1579 2294 ac
1605 2256 1734 2294 colen-

150 2324 302 2362 ‹lissime
333 2325 379 2362 D.
412 2325 535 2362 Petre.
592 2323 757 2362 Londini
785 2322 1017 2368 festinanter,
1047 2322 1188 2373 Aprilis
1216 2322 1349 2372 primo,
1382 2323 1495 2357 1560.

990 2398 1091 2436 Tuus
1110 2411 1157 2435 ex
1183 2397 1323 2441 animo,

1154 2472 1412 2512 EDWINUS
1440 2471 1681 2511 WIGORN.

418 2552 672 2578 iNscruP'rlo.

260 2607 484 2644 Clarissimo
521 2618 568 2642 ac
605 2605 819 2642 doctissimo
863 2605 947 2641 viro

312 2673 360 2709 D.
406 2671 566 2707 Doctori
609 2670 722 2706 Petro
763 2668 950 2717 Martyrzg

313 2738 464 2774 domino
479 2748 545 2773 suo
558 2735 771 2784 plurimum
789 2733 953 2771 colendo.

627 2800 777 2847 Tiguri.
