1845 3233
149 154 230 194 188
429 160 617 187 ine-ianus
651 159 775 186 coxas
806 158 860 184 AD
894 156 1137 184 RonoLPHUM
1168 155 1426 182 scuranum.
1567 141 1708 197 [EPIST.

145 293 298 332 regnum
332 278 403 317 Dei
436 276 697 328 acquirendum
729 287 822 319 esse,
856 279 893 311 et
925 273 963 310 in
999 272 1180 323 patientia
1209 276 1336 309 nostra
1366 270 1601 321 possidendae
1637 271 1710 309 sint

144 346 280 384 animae
309 348 460 381 nostrae.
516 339 728 378 Dolendum
758 338 796 375 id
825 337 972 388 quidem
1006 342 1117 382 certe⁷
1143 336 1240 387 quod
1271 335 1371 373 Saxo
1404 335 1497 373 adeo
1527 334 1712 373 hostiliter

146 409 286 448 saeviat.
353 407 427 445 Det
459 405 561 443 Deus
590 402 786 454 aliquando
816 402 916 453 piam
945 401 1311 439 reconciliationem!
1368 399 1518 438 Nullam
1546 400 1711 437 videmus

146 486 246 523 spem
280 470 380 522 pacis
418 470 457 507 in
495 467 636 506 Gallia:
683 466 877 516 tyrannide
907 465 957 503 ibi
994 470 1156 515 aguntur
1187 464 1333 501 omnia:
1373 463 1456 501 Rex
1489 476 1573 501 cum
1601 463 1711 501 fratre

146 544 182 575 et
211 541 327 574 matre
355 535 605 578 decreverunt,
630 543 760 569 omnes
784 530 1016 580 evangelicos
1045 534 1109 566 aut
1140 528 1179 566 in
1208 527 1360 566 exilium
1387 527 1546 574 mittere,
1576 533 1640 566 aut
1666 528 1712 566 ad

145 599 436 639 internecionem
467 597 625 647 adigere.
683 595 727 632 In
758 594 915 645 Belgico
951 593 1038 645 quid
1070 598 1210 643 agatur,
1243 592 1408 630 nondum
1438 593 1526 631 satis
1554 598 1722 638 constat,

145 665 217 704 nisi
248 664 345 715 quod
371 667 499 700 nostra
528 661 674 711 Regina
703 659 787 697 lites
816 671 1038 709 componere
1068 662 1223 708 satagat.
1279 657 1408 695 Nostri
1435 662 1558 695 autem
1588 657 1713 708 singu-

146 729 300 769 laritatis
330 727 499 766 homines
525 725 721 763 formidine
747 736 872 774 poenae
901 722 1107 773 quiescunt,
1135 722 1207 759 nisi
1231 722 1330 773 quod
1355 722 1451 760 clam
1473 721 1601 760 nescio
1627 722 1714 773 quid

147 793 303 832 monstri
333 792 444 830 alant.
514 791 565 828 Et
592 789 653 840 qui
690 802 793 826 curas
825 793 863 825 et
894 801 952 825 res
988 787 1097 837 hujus
1129 787 1257 824 mundi
1290 792 1487 833 sectantur,
1520 787 1713 838 negotium

149 859 258 896 nobis
276 858 476 901 facessunt,
495 860 536 893 ut
555 867 638 906 quae
662 859 791 891 nostra
809 857 910 897 sunt,
929 851 1057 889 nescio
1082 851 1214 902 quibus
1243 851 1382 889 artibus
1408 857 1445 889 et
1472 851 1577 896 dolis,
1606 851 1715 888 nobis

149 924 301 968 auferre,
335 927 372 959 et
399 934 467 958 nos
497 920 543 957 ad
569 917 849 956 mendicitatem
878 915 1085 967 pertrahere
1114 915 1291 960 nitantur,
1320 921 1361 953 ut
1388 915 1435 953 ad
1464 915 1715 953 conditionem

149 987 348 1039 primitivae
383 984 553 1023 ecclesiae
591 988 629 1021 et
664 982 917 1033 apostolorum
953 986 1208 1031 paupertatem
1242 993 1310 1018 nos
1344 986 1531 1019 revocent.
1598 979 1715 1018 Mise-

148 1058 270 1091 reatur
302 1052 404 1089 Deus
436 1049 585 1087 afflictae
619 1047 788 1085 ecclesiae
818 1059 911 1091 suae,
945 1050 982 1082 et
1014 1059 1036 1082 a
1068 1045 1195 1082 mundi
1229 1045 1465 1096 malignitate
1492 1050 1650 1092 tueatur,
1679 1050 1717 1082 et

149 1117 253 1155 vobis
281 1114 465 1159 omnibus,
495 1113 557 1163 qui
587 1111 778 1150 Christum
804 1109 935 1147 Jesum
962 1109 1200 1160 profitemini,
1228 1110 1442 1148 benedicat!

227 1181 316 1219 Misi
340 1179 387 1217 ad
415 1184 453 1216 te
485 1178 659 1228 exiguam
692 1174 805 1213 animi
830 1174 903 1212 mei
936 1174 1261 1225 significationem,
1294 1175 1400 1226 cujus
1430 1180 1570 1226 partem
1603 1174 1713 1213 velim

149 1253 187 1284 te
213 1245 315 1285 ‚Julio
342 1242 568 1282 Terentiano
594 1239 792 1292 impertire.

782 1303 885 1343 Tuus
912 1303 952 1341 in
980 1302 1132 1342 Christo
1158 1304 1248 1342 Jesu
1273 1304 1399 1350 frater,

1036 1378 1309 1419 RICARDUS
1339 1380 1463 1426 COX,
1493 1379 1661 1418 Eliensis.

511 1456 766 1484 INSCRIPTIO.

253 1514 477 1552 Eruditione
510 1515 542 1547 et
572 1512 714 1560 pietate
742 1508 985 1545 ornatiaesz'mo

305 1579 353 1615 D.
383 1576 582 1625 Rodolplzo
611 1576 805 1618 Gualtero,
831 1573 987 1609 ecelesiae

308 1642 502 1691 Tiguriizoe
529 1641 703 1678 ministro
718 1638 959 1688 fidelissimo.

651 1896 946 1940 EPISTOLA
988 1896 1213 1939 CXXIX.

306 2069 558 2101 ROBERTUS
589 2069 782 2101 HORNUS
810 2069 878 2101 AD
909 2068 1216 2102 RODOLPHUM
1248 2067 1564 2100 GUALTERUM.

232 2152 397 2189 GRATIA
425 2156 463 2188 et
488 2164 560 2201 pax
586 2150 624 2188 in
654 2150 828 2188 Christo!
885 2151 968 2188 Etsi
992 2163 1112 2188 sermo
1137 2151 1274 2188 multus
1295 2150 1443 2201 fereque
1468 2149 1717 2201 quotidianus,

155 2216 328 2253 Gualtere
357 2216 394 2252 in
429 2215 578 2253 Christo
605 2215 806 2260 carissime,
842 2229 951 2266 quem
987 2215 1107 2253 habeo
1136 2229 1220 2253 cum
1258 2215 1392 2254 Barloo'
1418 2228 1502 2253 meo
1529 2215 1575 2252 de
1601 2215 1719 2252 fratri·

154 2280 221 2317 bus
249 2279 451 2329 Tigurinis,
476 2279 631 2316 multum
661 2293 721 2316 me
747 2280 922 2324 oblectat,
949 2292 1126 2330 carusque
1148 2279 1252 2316 valde
1270 2279 1362 2316 mihi
1390 2285 1468 2323 est;
1498 2279 1570 2316 isto
1592 2285 1718 2316 tamen

155 2343 353 2393 colloquio,
387 2343 619 2393 quantumvis
650 2344 826 2394 jucund0‚
863 2343 1006 2381 animus
1043 2349 1239 2381 contentus
1269 2357 1345 2381 non
1378 2348 1446 2389 est,
1473 2356 1593 2394 neque
1621 2349 1718 2380 tran-

153 2407 285 2457 quillus
322 2420 402 2444 esse
433 2407 523 2452 vult,
555 2407 626 2444 nisi
661 2420 745 2445 cum
782 2408 959 2445 Gualtero
995 2421 1095 2453 meo,
1132 2421 1242 2458 quem
1277 2407 1408 2445 intime
1444 2420 1543 2453 amo,
1581 2415 1619 2444 et
1654 2420 1721 2457 per

152 2471 254 2508 illum
282 2485 367 2509 cum
395 2471 528 2509 ceteris
553 2471 729 2509 ministris
757 2472 949 2522 Tigurinis
975 2472 1171 2522 plurimum
1194 2471 1286 2510 mihi
1315 2472 1472 2517 dilectis,
1503 2485 1567 2523 per
1595 2472 1719 2509 literas

153 2535 283 2571 saltem
311 2535 510 2584 colloquar.
568 2535 705 2572 Literae
737 2541 859 2573 autem
887 2548 932 2573 eo
962 2541 1068 2573 erunt
1098 2536 1296 2582 breviores,
1326 2536 1425 2587 quod
1452 2536 1605 2574 materia
1632 2536 1718 2573 scri-

152 2598 260 2636 bendi
288 2598 379 2635 mihi
408 2599 552 2637 uberior
578 2599 616 2637 in
644 2600 841 2650 praesentia
868 2614 943 2638 non
972 2606 1155 2651 suppetat.

232 2661 339 2700 Nova
362 2663 459 2713 apud
480 2677 547 2701 nos
569 2677 683 2715 prope
709 2664 810 2702 nulla
834 2671 931 2710 sunt,
957 2678 1042 2716 quae
1069 2665 1237 2702 scribam.
1293 2665 1436 2702 Eodem
1457 2665 1496 2702 in
1522 2670 1631 2710 statu,
1654 2663 1721 2716 (sit

152 2726 230 2763 laus
261 2726 343 2763 Deo
361 2725 390 2777 1)
421 2727 514 2765 belle
543 2728 632 2766 satis
660 2728 860 2778 persistunt
886 2729 1023 2767 omnia.
1080 2729 1316 2766 Contentiosi
1346 2734 1470 2766 autem
1500 2729 1564 2775 illi,
1594 2735 1656 2767 aut
1687 2730 1719 2766 si

153 2789 269 2827 mavis
300 2791 501 2836 ambitiosi,
530 2791 606 2829 imo
638 2792 745 2842 plane
774 2793 961 2839 malitiosi,
986 2793 1048 2844 qui
1079 2793 1177 2844 apud
1203 2806 1273 2830 nos
1300 2792 1517 2843 importunis
1543 2793 1618 2830 suis
1646 2793 1718 2830 dis-

154 2853 358 2890 cordiarum
394 2854 548 2905 inurgiis
584 2855 736 2893 liberum
775 2857 958 2907 evangelii
995 2870 1139 2895 cursum
1176 2858 1462 2903 remorabantur,
1501 2857 1717 2908 plebemque

152 2917 300 2967 ineptiis
326 2918 400 2955 suis
430 2918 679 2957 dementatam
708 2933 772 2970 per
797 2921 914 2958 varias
942 2934 1060 2971 nuper
1086 2921 1305 2972 opinionum
1333 2921 1531 2967 vanitates,
1561 2926 1624 2958 aut
1650 2933 1717 2971 po-

149 2980 222 3018 tius
251 2994 413 3020 errorum
437 2981 612 3028 insanias,
637 2983 675 3024 in
705 2984 832 3024 nescio
856 2997 945 3035 quas
975 2984 1153 3034 puritates
1180 2984 1444 3037 distrahebant,
1472 2984 1716 3038 obticescunt,
