1845 3233
89 142 153 199 v.]
621 157 675 183 An
702 157 863 183 PETRUM
894 157 1136 183 MARTYREM.
1640 148 1663 187 9

89 274 216 327 populi
234 275 279 311 de
299 274 507 325 episcopis:
536 287 667 312 onmes
686 274 784 311 enim
804 280 996 325 coeperunt
1009 276 1087 325 jam
1108 275 1297 325 suspicari,
1317 274 1414 325 quod
1434 275 1527 312 nihil
1547 276 1667 313 dicere

89 339 308 383 voluissent,
337 351 386 375 nc
411 339 577 389 potuisse
605 338 753 389 quidem
775 338 856 376 illos
881 339 1079 389 quicquam
1106 339 1240 376 dicere.
1300 340 1453 376 Postero
1479 340 1537 376 die
1557 340 1668 377 Vitus

90 402 364 446 vintoniensis,
392 402 534 439 amicus
561 408 658 446 tuus,
685 410 723 439 et
741 403 931 440 Vatsonus
955 403 1239 448 Lineolniensis‚
1269 403 1315 441 (le
1333 410 1410 440 tam
1430 410 1559 453 aperto
1578 418 1667 442 con—

90 472 234 518 temptu
260 472 298 503 et
325 465 564 503 contumacia
589 466 754 503 damnati
776 472 861 503 sunt
885 467 932 503 ad
960 467 1111 504 turrim:
1145 467 1195 504 ibi
1220 481 1319 505 nunc
1344 474 1666 513 castrametantur,

91 537 129 567 et
156 544 203 568 ex
232 531 390 568 infirmis
421 531 628 581 praemissis
658 531 887 568 concludunt
915 530 1070 568 fortiter.
1128 531 1273 581 Reliqui
1298 532 1476 581 jubentur
1500 533 1667 582 quotidie

90 600 230 643 praesto
261 608 344 632 esse
376 595 414 632 in
447 595 544 639 aula,
578 600 617 632 et
647 600 842 645 expectare
875 595 963 645 quid
997 595 1043 632 de
1071 595 1143 632 illis
1169 601 1319 633 senatus
1345 595 1433 632 velit
1458 596 1666 636 decernere.

94 658 224 695 Habes
241 656 402 709 ἔντευξιν
429 657 550 703 α’τελῆ
573 664 610 695 ct
628 672 723 709 pelle
741 657 977 695 ἀνέντευκτον
989 659 1018 703 3¹

1046 672 1158 709 quam
1180 665 1320 705 tamen,
1341 673 1414 710 quo
1440 660 1571 698 melius
1588 674 1667 698 rem

91 735 241 760 omnem
268 722 509 773 intelligeres,
540 723 718 773 descripsi
746 722 910 772 pluribus
936 723 1091 760 fortasse
1120 736 1230 773 quam
1260 725 1437 773 oportuit.

172 786 277 823 Bene
305 787 399 831 vale,
431 787 484 824 mi
507 793 626 837 pater,
655 786 768 823 decus
792 799 930 831 meum,
957 792 1069 837 atque
1096 787 1209 824 etiam
1231 787 1348 825 animi
1367 789 1562 829 dimidium
1580 794 1666 832 mei.

93 850 132 887 Si
162 850 250 900 quid
278 856 335 887 cst
361 851 458 901 apud
487 864 552 888 vos
580 863 757 888 novarum
786 863 907 887 rerum
934 849 1004 887 hoc
1031 856 1213 901 tempore,
1243 852 1281 888 id
1308 853 1406 891 malo
1436 868 1517 893 csse
1544 859 1668 907 proxi—

92 927 233 951 marum
253 914 439 952 literarum
459 920 734 965 argumentum.
780 915 907 951 Saluta
925 915 1123 965 plurimum
1142 928 1228 952 meo
1248 916 1399 954 nomine
1419 922 1668 959 venerandum

91 978 194 1015 illum
214 978 346 1024 virum,
372 984 410 1016 et
429 978 522 1015 mihi
541 979 579 1015 in
601 978 753 1016 Christo
772 978 967 1015 dominum
986 978 1303 1025 colemlissimum,
1327 980 1374 1018 D.
1396 981 1668 1035 Bullingerum,

93 1042 143 1079 D.
162 1042 390 1088 Gualterum,
418 1042 466 1080 D.
495 1042 704 1086 Simlerum,
732 1042 778 1079 D.
801 1042 1037 1087 Lavaterum,
1067 1043 1114 1080 D.
1136 1043 1353 1093 Volphium,
1381 1046 1428 1084 D.
1450 1048 1667 1094 Gcsnerum‚

92 1106 142 1144 D.
174 1107 384 1151 Hallerum,
421 1107 469 1144 D.
502 1107 672 1151 Frisium,
706 1107 754 1145 D.
788 1107 1062 1152 Hermannum,
1092 1113 1130 1143 et
1153 1108 1292 1145 Julium
1324 1116 1428 1148 tuum
1459 1125 1667 1165 meumque.

94 1171 225 1208 Nostri
251 1184 383 1208 onmes
415 1176 452 1208 te
487 1171 663 1216 salutant,
703 1177 740 1208 et
772 1171 840 1208 tibi
875 1171 1003 1208 omnia
1036 1171 1202 1222 cupiunt.
1270 1173 1448 1221 Londini,
1482 1180 1518 1214 6.
1550 1178 1669 1229 April.

97 1237 209 1272 1559.

1086 1301 1160 1339 JO.
1189 1302 1441 1349 JUELLUS,
1470 1312 1564 1344 tuus.

722 1363 976 1413 Post-script’.

213 1426 304 1464 Istae
324 1432 410 1464 sunt
427 1426 616 1472 secundae,
637 1439 728 1477 quas
748 1428 795 1464 ad
814 1433 852 1465 te
873 1429 1005 1474 scribo,
1027 1442 1073 1466 ex
1094 1444 1168 1481 quo
1186 1433 1277 1470 redii
1298 1433 1336 1470 in
1357 1432 1547 1485 Angliam.

488 1532 753 1559 INSCRIPTIO.

171 1588 219 1625 D.
240 1587 354 1625 Petro
374 1587 568 1636 Martyri,
594 1587 802 1638 professori
818 1601 938 1625 saw-(e
957 1590 1097 1627 theolo-

220 1654 295 1700 gz'ae
314 1654 355 1689 ἱη
372 1653 525 1689 ecclesia
540 1652 747 1699 Tigurina,
764 1655 848 1690 viro
864 1654 1092 1700 doctissimo,

222 1720 258 1754 et
277 1717 430 1754 domino
449 1730 516 1754 suo
534 1718 576 1754 in
597 1717 747 1754 Christo
766 1719 1038 1756 colendissimo,

1033 1783 1068 1820 T
1068 1785 1181 1832 ignri.

665 2005 963 2047 EPISTOLA
1008 2007 1089 2050 VI.

307 2161 564 2194 JOHANNES
591 2164 803 2195 JUELLUs
832 2166 900 2196 AD
930 2167 1132 2197 PETRUM
1166 2167 1464 2201 MARTYREM.

173 2247 210 2285 S.
233 2247 274 2285 P.
323 2248 515 2287 MAGNAM
535 2249 627 2288 mihi
646 2250 736 2288 fecit
763 2252 937 2301 injuriam
958 2253 1102 2290 Sandus
1121 2261 1260 2301 noster,
1288 2256 1363 2306 qui,
1388 2269 1471 2293 cum
1496 2269 1569 2306 ego
1590 2258 1667 2307 jam

93 2313 140 2351 ad
158 2320 196 2350 te
229 2312 470 2363 scripsissem,
501 2321 540 2351 et
573 2328 656 2352 cum
689 2329 932 2366 magnopere,
967 2330 1014 2354 ne
1044 2318 1081 2355 id
1113 2318 1266 2365 faceret,
1296 2320 1510 2364 oravissem,
1542 2327 1667 2359 tamen

91 2377 216 2415 literas
245 2390 330 2414 suas
360 2377 440 2415 sine
468 2379 562 2416 meis
595 2380 710 2417 literis
739 2380 785 2417 ad
814 2386 852 2417 te
883 2381 1036 2419 miserit.
1094 2384 1329 2434 Quanquam,
1363 2385 1434 2422 nisi
1462 2386 1560 2436 quod
1591 2387 1669 2425 scio

93 2442 255 2479 officium
283 2455 305 2479 a
333 2448 370 2479 te
394 2443 614 2492 jamdudum
646 2444 780 2494 requiri
813 2457 951 2490 meum,
979 2445 1070 2483 nihil
1102 2446 1281 2485 hactenus
1313 2449 1451 2486 factum
1482 2456 1539 2486 est
1569 2453 1669 2500 quod

90 2514 128 2544 te
146 2512 339 2557 tantopere
359 2507 487 2545 auditu
501 2509 629 2558 juvare
648 2509 777 2559 possit.
834 2511 868 2546 Ο
896 2511 1018 2547 Maria
1035 2518 1072 2548 et
1093 2512 1264 2550 Mariana
1283 2514 1468 2563 tempora!
1514 2514 1670 2559 Quanto

91 2585 192 2610 nunc
210 2572 358 2609 mollius
382 2579 420 2609 et
443 2573 633 2610 remissius
657 2574 790 2611 veritas
820 2582 1088 2625 propugnatur,
1115 2590 1225 2627 quam
1251 2577 1393 2627 pridem
1422 2577 1669 2616 defendeban-

92 2641 153 2673 tur
182 2636 400 2674 mendacia!
457 2636 670 2675 Adversarii
700 2638 819 2675 nostri
854 2639 981 2676 omnia
1013 2640 1234 2691 praccipites,
1265 2642 1346 2679 sine
1376 2643 1562 2693 exemplo,
1592 2646 1670 2681 sinc

86 2701 170 2750 jure
195 2700 282 2747 ullo,
313 2701 393 2738 sine
422 2702 527 2752 lege:
557 2715 627 2739 nos
653 2702 746 2740 nihil
775 2702 846 2740 nisi
877 2703 1153 2754 circumspecte,
1180 2707 1395 2756 prudentur,
1425 2707 1670 2753 considerate,

91 2765 244 2809 callide;
276 2766 379 2816 quasi
407 2766 486 2803 sine
505 2767 640 2804 nostris
663 2767 796 2804 edictis
815 2773 852 2804 et
872 2768 1106 2806 cautionibus
1128 2770 1229 2807 Deus
1257 2771 1335 2821 ipsc
1355 2771 1415 2807 vix
1443 2771 1561 2820 possit
1586 2785 1670 2809 auc-

91 2831 280 2867 toritatem
315 2843 419 2867 suam
451 2831 632 2868 retinere:
679 2837 720 2868 ut
756 2831 860 2868 multi
897 2845 994 2870 nunc
1031 2834 1149 2871 otiose
1181 2848 1223 2872 ac
1257 2835 1456 2872 scurriliter
1483 2836 1668 2884 jocentur,

91 2893 323 2931 “Christum
357 2900 468 2933 antea
500 2896 660 2946 ejectum
691 2896 737 2933 ab
772 2896 951 2943 hostibus,
987 2910 1086 2935 nunc
1121 2899 1261 2936 excludi
1296 2899 1342 2936 ab
1370 2899 1536 2937 amicis.''
1594 2900 1670 2938 Ista

674 2980 680 2996 ¹
702 2980 779 3008 Edit.
801 2981 892 3009 Burn.
912 2981 1099 3009 (ἱιέύτευκτον.
