1845 3233
115 139 288 196 cxxv11.]
582 157 635 183 An
667 156 908 184 nonom‘fluM
940 157 1195 185 GUALTERUM.
1595 145 1680 192 18¹7

114 273 234 311 visum
257 272 367 310 suerit
391 272 497 310 illum
522 271 561 310 in
580 272 724 310 coelesti
743 285 809 310 suo
827 273 1065 311 tabernaculo
1091 274 1284 320 collocare,
1311 274 1470 312 orandus
1496 279 1552 312 est
1573 274 1683 314 Pater

116 337 273 375 Domini
295 337 414 375 nostri
444 337 536 375 Jesu
567 336 720 382 Christi,
749 341 791 373 ut
822 336 920 374 illius
949 338 1098 375 alterius
1125 338 1224 376 Eliae
1247 338 1424 388 Spiritum
1446 338 1617 377 infundat
1642 334 1682 379 in

114 402 253 439 multos
279 402 454 449 Elizaeos,
482 402 545 453 qui
573 402 651 452 jam
676 400 858 451 singulari
884 401 956 439 Dei
981 402 1101 452 gratia
1125 401 1246 440 adhuc
1269 407 1412 441 restent
1437 402 1477 440 in
1503 402 1683 455 Tigurina

113 465 263 503 civitate
281 466 527 504 sanctissima.

191 529 319 568 Ablati
355 536 440 569 sunt
475 543 498 568 a
528 529 635 568 nobis
663 540 792 580 nuper,
819 528 882 566 sed
914 528 1105 567 meliorem
1135 544 1220 569 cum
1254 530 1405 569 Christo
1429 531 1681 571 conditionem

113 594 249 642 sortiti,
271 595 519 633 Parkhurstus
533 593 785 633 Norwicensis
804 592 1014 643 episcopus,
1034 600 1072 630 et
1090 594 1285 633 Mattheus
1304 595 1497 642 Parkerus,
1519 595 1683 636 Cantua-

112 658 245 697 riensis
263 659 576 711 archiepiscopus,
591 657 745 709 Angliae
768 662 910 695 nostrae
938 657 1092 707 primas,
1117 658 1173 696 vir
1194 663 1284 697 teres·
1302 664 1414 709 atque
1430 661 1626 707 rotundus,
1645 667 1684 699 et

113 723 273 762 sincerae
297 724 491 775 religionis
509 727 669 761 assertor
690 721 901 760 vehemens
957 721 1162 772 Rogandus
1187 729 1244 762 est
1267 724 1463 771 Dominus,
1489 730 1531 763 ut
1554 738 1682 777 opera—

110 787 185 826 rios
213 802 289 827 non
313 789 436 827 minus
455 788 609 826 idoneos
626 787 775 825 mittere
797 786 971 837 dignetur
994 786 1033 823 in
1058 799 1217 825 messem
1237 802 1353 835 suam,
1374 802 1459 840 quae
1477 790 1594 828 multa
1611 796 1676 830 est.

116 853 301 892 Dominus
317 854 342 892 J
346 867 430 892 esus
448 859 487 891 te
501 853 670 891 ecclesiae
688 864 770 890 suae
789 850 999 889 diutissime
1019 857 1139 889 servet
1156 853 1380 892 incolumem
1397 855 1405 892 Ε

193 919 252 958 Ex
278 919 399 958 insula
426 918 568 957 Eliensi
594 917 634 957 in
660 915 816 968 Anglia‚
844 915 977 953 ultimo
1003 916 1108 962 Julii,
1139 919 1211 954 157
1218 920 1253 954 5.

738 991 839 1031 Tuus
865 992 904 1030 in
931 991 1087 1030 Christo
1114 992 1224 1031 frater
1251 994 1471 1043 carissimus,

927 1067 1217 1117 RICARDUS,
1247 1070 1407 1111 Eliensis
1434 1073 1656 1126 Episcopus.

600 1316 896 1361 EPISTOLA
927 1316 1197 1360 CXXVIII.

287 1502 529 1534 RICARDUS
560 1502 714 1534 COXUS
741 1503 809 1534 AD
840 1502 1148 1535 RODOLPHUM
1177 1501 1496 1533 GUALTERUM.

192 1573 480 1611 Posrssmomzs
516 1573 639 1611 literas
674 1578 758 1610 tuas
795 1573 915 1611 idibus
957 1573 1144 1612 Februarii
1184 1573 1319 1624 recepi,
1356 1573 1568 1611 doctissime
1604 1573 1680 1611 Ro-

111 1637 259 1689 dolphe.
315 1638 454 1675 Verum
486 1637 627 1688 priores
662 1638 738 1675 illae
774 1639 891 1676 multo
928 1638 1051 1689 magis
1085 1651 1147 1676 me
1184 1638 1398 1683 affecerunt,
1436 1651 1520 1676 cum
1557 1638 1682 1676 dolore

110 1702 333 1748 vehementi,
367 1707 446 1739 tum
477 1702 614 1752 gaudio
645 1715 722 1740 non
753 1703 942 1741 mediocri.
1000 1703 1117 1741 Dolor
1149 1708 1226 1740 erat
1261 1702 1458 1740 vehemens
1488 1716 1533 1741 ex
1563 1708 1680 1740 morte

114 1768 269 1806 Henrici
298 1767 518 1818 Bullingeri,
551 1780 662 1819 quem
691 1781 756 1818 per
785 1768 921 1814 literas,
950 1782 1014 1819 per
1041 1768 1184 1806 erudita
1212 1768 1347 1818 scripta
1375 1774 1413 1805 et
1442 1767 1516 1818 pia,
1544 1769 1682 1806 multos

113 1845 231 1869 annos
255 1832 335 1882 jam
364 1845 553 1878 noveram,
582 1837 619 1869 ct
647 1832 752 1883 quasi
780 1832 1011 1870 familiariter
1042 1846 1295 1883 pernoveram,
1325 1833 1394 1869 etsi
1423 1846 1445 1869 a
1469 1832 1562 1870 facie
1591 1832 1680 1870 mihi

113 1896 289 1934 hactenus
319 1896 426 1933 fuerit
455 1896 618 1945 ignotus.
696 1896 778 1934 Tali
813 1901 994 1947 tantoque
1024 1897 1102 1934 viro
1135 1909 1352 1947 summoque
1390 1896 1510 1933 amico
1547 1897 1678 1942 orbari,

113 1961 193 2012 quis
222 1973 297 1998 non
327 1960 458 1997 anxius
485 1959 727 1997 redderetur?
781 1960 840 1998 Nc
865 1960 998 2006 dicam,
1030 1961 1129 2011 quod
1151 1966 1231 1998 tota
1263 1959 1402 1998 Christi
1435 1960 1590 1997 ecelesia
1624 1960 1680 1998 in-

113 2026 216 2076 genti
239 2038 397 2063 moerore
423 2037 602 2062 concussa
626 2030 695 2072 est,
719 2038 802 2062 cum
827 2025 933 2062 stella
957 2025 1051 2062 adeo
1070 2025 1191 2063 lucida
1214 2025 1253 2062 in
1274 2031 1371 2062 terra
1396 2024 1534 2061 (liutius
1558 2025 1680 2062 lucere

112 2090 296 2141 prohibita
327 2094 394 2127 est.
449 2089 642 2128 Johannes
673 2089 922 2140 inauspicatas
957 2090 1081 2127 stellas
1116 2090 1161 2127 de
1197 2089 1294 2128 coelo
1321 2089 1498 2127 cecidisse
1533 2089 1678 2127 scribit:

112 2160 152 2193 at
181 2159 346 2192 nostram
383 2153 527 2191 stellam
554 2153 593 2191 in
627 2153 761 2191 coelum
795 2153 1004 2191 ascendisse
1036 2159 1074 2191 et
1110 2153 1207 2191 coelo
1239 2153 1350 2190 fixam
1384 2165 1476 2197 esse,
1508 2158 1546 2189 et
1574 2158 1615 2190 ut
1641 2153 1680 2190 in

111 2225 210 2257 terra
243 2218 401 2264 lucebat,
439 2218 493 2255 ita
529 2218 649 2267 magis
679 2218 759 2268 jam
794 2217 833 2254 in
861 2217 957 2255 coelo
994 2217 1206 2262 clarescere,
1241 2229 1454 2267 persuasum
1490 2215 1677 2255 habemus.

114 2283 244 2329 Qualis
274 2288 398 2320 autem
423 2282 533 2320 fuerit
554 2282 593 2319 in
615 2287 722 2327 terra,
749 2283 809 2333 pia
831 2281 930 2319 fama
957 2295 1034 2320 non
1062 2287 1175 2327 tacet,
1205 2282 1266 2332 pia
1292 2281 1367 2319 vita
1393 2280 1567 2331 loquitur,
1593 2281 1680 2319 doc-

112 2348 256 2386 tissima
273 2348 410 2398 scripta
431 2347 578 2385 abunde
596 2352 801 2385 testantur:
831 2346 948 2397 qualis
972 2359 1060 2384 vero
1081 2346 1159 2397 jam
1180 2346 1228 2383 sit
1252 2346 1291 2383 in
1315 2345 1421 2391 coelo,
1443 2345 1545 2383 Deus
1562 2346 1678 2393 novit,

112 2412 237 2463 angeli
273 2412 450 2462 gaudent,
488 2418 526 2449 et
561 2412 698 2450 animae
737 2412 881 2463 piorum
919 2411 1097 2448 exultant.
1152 2410 1275 2460 Atque
1311 2409 1382 2447 hoc
1413 2410 1525 2447 talem
1562 2410 1678 2447 virum

111 2476 399 2515 desiderantium
428 2489 504 2514 non
533 2476 612 2514 leve
641 2482 698 2514 est
726 2476 898 2514 lenimen.
955 2474 1064 2512 Adde
1095 2480 1133 2512 ct
1161 2474 1270 2519 aliud,
1301 2474 1398 2512 unde
1423 2474 1555 2511 merito
1585 2473 1680 2512 laeti-

111 2542 202 2578 tiam
229 2541 442 2591 accipimus,
471 2541 570 2592 quod
602 2540 760 2578 ecclesia
783 2540 846 2578 illa
877 2539 1069 2589 Tigurina,
1103 2539 1155 2577 illi
1186 2538 1414 2576 valedicente
1448 2538 1679 2587 Bullingero,

113 2619 188 2643 non
218 2606 267 2642 sit
290 2605 465 2642 destituta
493 2610 659 2656 pastore:
698 2618 786 2642 nam
812 2605 874 2655 qui
901 2617 1089 2654 nunquam
1117 2603 1252 2640 deserit
1280 2616 1431 2652 gregem
1459 2615 1578 2648 suum,
1607 2603 1678 2640 cle-

113 2670 365 2708 mentissimus
386 2670 582 2715 Dominus,
610 2675 649 2707 te
676 2670 714 2707 in
738 2670 862 2707 locum
886 2668 1093 2717 Bullingeri
1120 2667 1322 2712 substituit,
1342 2679 1418 2704 non
1441 2667 1575 2705 minori
1600 2668 1679 2705 zelo

112 2735 150 2772 in
176 2734 361 2785 pascendo
388 2747 514 2785 grege,
533 2747 604 2772 nec
628 2734 764 2772 minori
788 2733 1002 2772 fortitudine
1033 2732 1080 2770 ad
1106 2731 1372 2781 propulsandos
1391 2731 1516 2781 gregis
1540 2731 1677 2770 hostes.

115 2798 340 2836 Benedictus
373 2811 413 2835 es
442 2804 496 2844 tu,
531 2799 593 2850 qui
625 2804 828 2850 spontanea
856 2798 1044 2835 voluntate
1077 2796 1148 2833 hoe
1180 2808 1274 2833 onus
1304 2795 1341 2832 in
1370 2801 1409 2832 te
1442 2795 1608 2846 suscipis,
1639 2803 1679 2835 ut

115 2862 185 2900 Dei
214 2863 346 2913 gloriae
372 2862 558 2908 inservias,
588 2868 625 2900 et
652 2863 767 2913 ipsius
793 2862 1012 2911 religionem
1040 2860 1197 2897 fideliter
1222 2872 1405 2909 procures.

193 2927 305 2972 Quod
335 2932 460 2965 autem
487 2928 534 2965 ad
559 2927 795 2965 ecclesiarum
826 2927 951 2964 turbas
977 2931 1015 2963 ct
1042 2924 1205 2962 haereses
1227 2923 1374 2969 attinet,
1407 2925 1542 2963 scimus
1571 2938 1678 2976 opor-

113 2998 188 3030 tere
231 2991 392 3031 haereses
431 3005 526 3039 esse,
562 2997 604 3030 ut
645 2992 845 3042 probentur
887 2989 1009 3036 electi,
1056 2994 1094 3026 et
1138 3001 1202 3040 per
1243 2988 1376 3027 multas
1423 2989 1679 3028 tribulationes
