1845 3233
146 132 200 170 82
393 143 599 170 JOHANNES
633 140 922 168 PARKHURSTUS
957 141 1012 165 AD
1043 139 1184 166 JOSIAM
1217 139 1439 165 SIMLERUM.
1581 123 1725 180 [EPIST.

692 323 990 365 EPISTOLA
1023 323 1174 364 LXII.

297 535 553 567 JOHANNES
584 536 936 568 PARKHURSTUs
969 536 1038 567 AD
1072 534 1563 575 JOSIAMASIMLERUM.

225 617 268 653 M
274 630 368 654 rrTo
388 617 434 653 ad
452 623 501 662 te,
521 617 575 654 uti
593 617 702 667 petis,
723 618 814 655 duas
833 618 1024 668 epistolas,
1051 630 1142 668 quas
1161 617 1210 654 ad
1234 629 1294 654 me
1317 616 1465 667 scripsit
1484 616 1534 653 D.
1556 614 1723 665 Martyr:

145 682 176 718 si
208 681 329 731 plures
363 681 548 726 invenero,
574 682 698 731 plures
729 682 888 720 mittam.
959 681 1099 732 Scripsi
1131 681 1178 718 ad
1205 687 1243 718 te
1277 683 1327 718 :26
1361 680 1515 731 Aprilis,
1549 680 1641 717 item
1675 680 1723 715 14

145 745 318 795 Augusti.
389 745 462 782 Pro
490 752 667 796 argenteo
700 746 866 797 Martyre
899 745 1069 783 misimus
1102 758 1250 783 auream
1281 745 1551 783 Elizabetham.
1620 743 1725 781 Bene

146 811 236 848 facis
266 809 366 860 quod
391 823 497 860 paras
525 810 726 847 editionem
756 824 909 861 operum
942 810 1147 860 Martyris:
1188 810 1241 848 sic
1271 810 1371 848 enim
1398 810 1494 848 bene
1527 807 1727 846 mereberis

146 875 191 912 ‹le
219 873 389 911 omnibus
421 874 505 924 piis,
535 880 573 911 et
604 888 683 912 rem
716 875 950 912 utilissimam
982 874 1181 926 praestabis
1215 875 1383 912 ecclesiae
1422 873 1575 912 Christi.
1645 873 1725 910 Do-

146 938 268 975 minus
300 937 372 974 tuis
402 938 534 988 caeptis
568 938 700 984 faveat,
739 944 776 975 et
807 939 854 976 ad
880 938 1029 976 felicem
1055 938 1197 976 exitum
1226 939 1426 989 perducat!
1484 938 1593 976 Uxor
1619 936 1726 974 ducis

146 1000 350 1039 Norfolciae
382 1003 428 1037 10
454 1001 621 1039 Januarii
650 1002 742 1039 obiit
769 1016 962 1053 puerpera,
991 1008 1028 1039 et
1058 1004 1107 1039 :24
1136 1002 1304 1052 ejusdem
1332 1002 1470 1039 mensis
1498 1007 1555 1038 est
1583 999 1727 1051 sepulta

144 1065 359 1103 Nordovici.
416 1065 502 1115 Ego
529 1066 749 1104 concionem
778 1066 893 1104 habui
921 1066 1127 1104 funebrem.
1182 1067 1227 1104 In
1257 1067 1383 1104 funere
1408 1066 1512 1103 nulla
1540 1070 1645 1103 erant
1668 1063 1725 1101 fu-

144 1129 292 1174 neralia,
332 1128 427 1166 cerei
463 1142 531 1166 nec
567 1130 741 1168 lucernae.
812 1130 955 1167 Praeter
991 1130 1109 1168 solem
1144 1130 1238 1168 nihil
1273 1131 1448 1175 lucebat3
1493 1129 1592 1180 quod
1627 1127 1724 1165 male

143 1193 270 1230 habuit
302 1192 476 1244 papistas.
545 1193 625 1231 Nec
659 1194 731 1230 tale
761 1194 851 1245 quid
881 1207 1047 1244 unquam
1079 1194 1200 1232 visum
1233 1200 1290 1232 est
1315 1195 1354 1231 in
1386 1193 1540 1244 Anglia,
1569 1205 1724 1243 praeser-

141 1256 207 1293 tim
233 1256 271 1293 in
296 1256 423 1293 funere
452 1256 575 1294 herois
601 1263 665 1294 aut
692 1256 882 1295 heroissae.
939 1257 1074 1296 Cetera
1099 1272 1145 1295 ex
1172 1258 1332 1296 aliorum
1349 1257 1478 1295 literis.
1542 1255 1650 1301 Vale,
1670 1254 1722 1291 mi

145 1320 310 1358 Simlere.
367 1320 600 1366 Ludhamiae,
636 1323 681 1359 17
717 1322 921 1367 Februarii,
958 1324 1070 1358 1564.
1127 1322 1257 1360 Saluta
1289 1335 1374 1359 meo
1405 1320 1560 1359 nomine
1593 1331 1724 1357 omnes

140 1398 243 1422 meos
271 1384 421 1429 amicos,
449 1391 486 1422 et
510 1386 718 1436 praesertim
744 1386 926 1437 optimam
950 1392 1052 1424 tuam
1072 1399 1238 1424 uxorem.
1297 1386 1388 1424 Mea
1407 1392 1519 1436 teque
1544 1390 1723 1434 tuamque

141 1462 343 1500 omnesque
371 1449 518 1487 salutat.

817 1515 933 1560 Tuus,

963 1589 1250 1629 JOHANNES
1279 1588 1695 1634 PARKHURSTUS,

1306 1677 1612 1715 Nordovicensis.

219 1729 337 1766 Trade
365 1728 463 1766 hunc
492 1730 704 1779 catalogum
735 1729 783 1767 D.
813 1729 992 1768 Gesnero.

403 1817 657 1843 INSCRIPTIO.

219 1870 267 1906 D.
287 1870 403 1906 Josz'oe
423 1870 594 1907 Simlero.
658 1870 809 1917 Tiguri.

665 2151 965 2194 EPISTOLA
1009 2151 1186 2193 LXIII.

293 2345 546 2378 JOHANNES
574 2348 786 2381 JUELLUS
814 2351 882 2381 AD
912 2352 1171 2383 HENRICUM
1201 2351 1573 2383 BULLINGERUM.

221 2430 422 2468 SALUTEM
451 2434 647 2483 plurimam
675 2435 715 2472 in
745 2435 896 2474 Christo
923 2437 1026 2474 Jesu.
1096 2436 1200 2482 Quid
1231 2450 1304 2487 ego
1335 2437 1468 2481 dicam,
1502 2435 1718 2474 doctissime

142 2493 195 2530 vir
223 2500 258 2530 et
281 2495 480 2533 clarissime
500 2498 634 2547 pater?
690 2499 740 2536 Et
767 2501 882 2549 pudet
899 2507 937 2537 et
955 2502 1075 2538 dolet:
1109 2501 1225 2551 pudet
1241 2501 1404 2552 primum
1424 2514 1501 2538 non
1528 2500 1719 2551 scripsisse

144 2557 303 2606 schius3
332 2559 465 2596 deinde
494 2561 605 2607 dolet,
631 2575 694 2599 eas
721 2563 820 2613 ipsas
846 2577 938 2614 quas
966 2565 1096 2615 scripsi
1124 2578 1201 2602 non
1225 2565 1395 2615 potuisse
1422 2565 1470 2602 ad
1496 2577 1562 2602 vos
1590 2577 1718 2614 perve-

142 2622 231 2657 nire.
289 2622 453 2660 Obsecro
472 2630 596 2662 tamen
614 2632 665 2670 te,
691 2640 738 2663 ne
756 2633 861 2677 putes
881 2628 973 2665 mihi
998 2634 1061 2666 aut
1085 2626 1250 2667 scholam
1269 2629 1502 2679 Tigurinam,
1531 2634 1595 2665 aut
1622 2641 1719 2665 rem-

143 2683 338 2732 publicam,
359 2691 423 2721 aut
449 2686 549 2723 illam
576 2695 736 2726 vestram
760 2689 1031 2729 immanitatem
1051 2698 1196 2729 tantam
1214 2698 1293 2729 tam
1312 2693 1387 2730 cito
1407 2706 1453 2729 ex
1478 2692 1604 2729 animo
1624 2692 1719 2729 elabi

141 2746 316 2795 potuisse.
372 2748 555 2798 Equidem
581 2764 647 2789 vos
675 2765 804 2790 omnes
836 2753 875 2791 in
909 2755 1026 2793 oculis
1060 2761 1098 2792 et
1130 2756 1170 2792 in
1204 2755 1288 2793 sinu
1322 2769 1424 2806 gero,
1456 2761 1493 2793 et
1524 2761 1562 2793 te
1595 2754 1722 2806 impri-

143 2809 225 2849 mis,
249 2810 301 2846 mi
323 2816 437 2859 pater,
467 2813 588 2850 lumen
610 2815 689 2864 jam
712 2815 863 2853 unicum
882 2817 1007 2855 aetatis
1025 2824 1178 2856 nostrae.
1238 2819 1351 2863 Quod
1377 2825 1503 2856 autem
1527 2819 1575 2856 ad
1595 2819 1722 2856 literas

141 2872 286 2918 attinet,
305 2873 487 2923 equidem,
507 2882 755 2928 praeterquam
775 2892 874 2917 anno
898 2880 962 2918 illo
988 2881 1179 2932 superiori,
1208 2895 1293 2919 cum
1318 2889 1424 2933 peste
1450 2889 1488 2920 et
1513 2883 1574 2919 lue
1594 2882 1722 2919 omnia

141 2937 276 2987 ubique
313 2937 436 2996 clausa
477 2946 612 2986 essent,
656 2944 841 2994 ceteroqui
878 2957 1067 2995 nunquam
1100 2946 1281 2985 intermisi
1320 2947 1477 2985 scribere
1510 2947 1558 2984 ad
1589 2952 1639 2991 te,
1673 2946 1720 2984 ad
