<?xml version="1.0" encoding="UTF-8"?>
<!DOCTYPE html PUBLIC "-//W3C//DTD XHTML 1.0 Transitional//EN"
    "http://www.w3.org/TR/xhtml1/DTD/xhtml1-transitional.dtd">
<html xmlns="http://www.w3.org/1999/xhtml" xml:lang="en" lang="en">
 <head>
  <title>
</title>
<meta http-equiv="Content-Type" content="text/html;charset=utf-8" />
  <meta name='ocr-system' content='tesseract 3.04.00' />
  <meta name='ocr-capabilities' content='ocr_page ocr_carea ocr_par ocr_line ocrx_word'/>
</head>
<body>
  <div class='ocr_page' id='page_1' title='image "./zurichletterscom02hunt_0451.png"; bbox 0 0 1845 3233; ppageno 0'>
   <div class='ocr_carea' id='block_1_1' title="bbox 107 152 1665 209">
    <p class='ocr_par' dir='ltr' id='par_1_1' title="bbox 107 152 1665 209">
     <span class='ocr_line' id='line_1_1' title="bbox 107 152 1665 209; baseline -0.002 -14"><span class='ocrx_word' id='word_1_1' title='bbox 107 152 268 209; x_wconf 69' lang='lat' dir='ltr'><strong>xcvnn]</strong></span> <span class='ocrx_word' id='word_1_2' title='bbox 360 169 556 196; x_wconf 65' lang='lat' dir='ltr'><strong>uouemus</strong></span> <span class='ocrx_word' id='word_1_3' title='bbox 588 166 746 196; x_wconf 68' lang='lat' dir='ltr'><strong>nonnus</strong></span> <span class='ocrx_word' id='word_1_4' title='bbox 781 167 834 193; x_wconf 80' lang='lat' dir='ltr'><strong>AD</strong></span> <span class='ocrx_word' id='word_1_5' title='bbox 865 165 1075 193; x_wconf 76' lang='lat' dir='ltr'>HENRICUM</span> <span class='ocrx_word' id='word_1_6' title='bbox 1111 166 1408 194; x_wconf 65' lang='lat' dir='ltr'><strong>nummo-naum.</strong></span> <span class='ocrx_word' id='word_1_7' title='bbox 1584 152 1665 192; x_wconf 68' lang='lat'><strong>145</strong></span> 
     </span>
    </p>
   </div>
   <div class='ocr_carea' id='block_1_2' title="bbox 107 280 1693 3158">
    <p class='ocr_par' dir='ltr' id='par_1_2' title="bbox 107 280 1683 2263">
     <span class='ocr_line' id='line_1_2' title="bbox 108 280 1667 336; baseline -0.003 -14"><span class='ocrx_word' id='word_1_8' title='bbox 108 284 239 322; x_wconf 85' lang='lat' dir='ltr'><strong>seriam</strong></span> <span class='ocrx_word' id='word_1_9' title='bbox 274 285 437 335; x_wconf 87' lang='lat' dir='ltr'><strong>postulat</strong></span> <span class='ocrx_word' id='word_1_10' title='bbox 466 284 708 336; x_wconf 82' lang='lat' dir='ltr'><strong>negligentia.</strong></span> <span class='ocrx_word' id='word_1_11' title='bbox 777 283 915 322; x_wconf 89' lang='lat' dir='ltr'><strong>Verum</strong></span> <span class='ocrx_word' id='word_1_12' title='bbox 945 282 1219 320; x_wconf 84' lang='lat' dir='ltr'>accusationem</span> <span class='ocrx_word' id='word_1_13' title='bbox 1251 295 1361 320; x_wconf 87' lang='lat' dir='ltr'><strong>causa</strong></span> <span class='ocrx_word' id='word_1_14' title='bbox 1396 294 1471 319; x_wconf 92' lang='lat' dir='ltr'><strong>non</strong></span> <span class='ocrx_word' id='word_1_15' title='bbox 1504 280 1667 332; x_wconf 86' lang='lat' dir='ltr'><strong>patitur;</strong></span> 
     </span>
     <span class='ocr_line' id='line_1_3' title="bbox 108 345 1672 400; baseline -0.003 -15"><span class='ocrx_word' id='word_1_16' title='bbox 108 361 185 385; x_wconf 90' lang='lat' dir='ltr'><strong>non</strong></span> <span class='ocrx_word' id='word_1_17' title='bbox 216 354 272 386; x_wconf 90' lang='lat' dir='ltr'><strong>est</strong></span> <span class='ocrx_word' id='word_1_18' title='bbox 300 349 399 386; x_wconf 91' lang='lat' dir='ltr'><strong>enim</strong></span> <span class='ocrx_word' id='word_1_19' title='bbox 424 348 514 386; x_wconf 90' lang='lat' dir='ltr'><strong>mihi</strong></span> <span class='ocrx_word' id='word_1_20' title='bbox 540 349 661 400; x_wconf 79' lang='lat' dir='ltr'><strong>culpae</strong></span> <span class='ocrx_word' id='word_1_21' title='bbox 691 347 941 386; x_wconf 84' lang='lat' dir='ltr'><strong>conscientia:</strong></span> <span class='ocrx_word' id='word_1_22' title='bbox 969 360 1039 384; x_wconf 90' lang='lat' dir='ltr'><strong>nec</strong></span> <span class='ocrx_word' id='word_1_23' title='bbox 1068 346 1344 385; x_wconf 87' lang='lat' dir='ltr'><strong>excusationem</strong></span> <span class='ocrx_word' id='word_1_24' title='bbox 1372 360 1460 384; x_wconf 89' lang='lat' dir='ltr'><strong>sane</strong></span> <span class='ocrx_word' id='word_1_25' title='bbox 1493 345 1672 395; x_wconf 84' lang='lat' dir='ltr'><strong>efflagitat</strong></span> 
     </span>
     <span class='ocr_line' id='line_1_4' title="bbox 108 408 1671 464; baseline -0.003 -14"><span class='ocrx_word' id='word_1_26' title='bbox 108 419 240 450; x_wconf 87' lang='lat' dir='ltr'><strong>natura</strong></span> <span class='ocrx_word' id='word_1_27' title='bbox 270 419 346 458; x_wconf 86' lang='lat' dir='ltr'><strong>tua,</strong></span> <span class='ocrx_word' id='word_1_28' title='bbox 378 413 464 464; x_wconf 90' lang='lat' dir='ltr'><strong>quia</strong></span> <span class='ocrx_word' id='word_1_29' title='bbox 492 427 568 451; x_wconf 89' lang='lat' dir='ltr'><strong>non</strong></span> <span class='ocrx_word' id='word_1_30' title='bbox 597 419 654 450; x_wconf 88' lang='lat' dir='ltr'><strong>est</strong></span> <span class='ocrx_word' id='word_1_31' title='bbox 686 412 855 463; x_wconf 84' lang='lat' dir='ltr'>suspicax</span> <span class='ocrx_word' id='word_1_32' title='bbox 884 417 948 449; x_wconf 86' lang='lat' dir='ltr'><strong>aut</strong></span> <span class='ocrx_word' id='word_1_33' title='bbox 973 411 1159 449; x_wconf 84' lang='lat' dir='ltr'><strong>iracunda.</strong></span> <span class='ocrx_word' id='word_1_34' title='bbox 1206 410 1382 448; x_wconf 82' lang='lat' dir='ltr'><strong>Attamen</strong></span> <span class='ocrx_word' id='word_1_35' title='bbox 1409 410 1465 448; x_wconf 91' lang='lat' dir='ltr'><strong>vel</strong></span> <span class='ocrx_word' id='word_1_36' title='bbox 1493 409 1580 460; x_wconf 90' lang='lat' dir='ltr'><strong>quia</strong></span> <span class='ocrx_word' id='word_1_37' title='bbox 1605 408 1671 445; x_wconf 88' lang='lat' dir='ltr'><strong>du-</strong></span> 
     </span>
     <span class='ocr_line' id='line_1_5' title="bbox 109 473 1672 528; baseline -0.003 -15"><span class='ocrx_word' id='word_1_38' title='bbox 109 476 224 514; x_wconf 89' lang='lat' dir='ltr'><strong>bitare</strong></span> <span class='ocrx_word' id='word_1_39' title='bbox 264 483 372 528; x_wconf 90' lang='lat' dir='ltr'><strong>potes</strong></span> <span class='ocrx_word' id='word_1_40' title='bbox 413 478 458 515; x_wconf 87' lang='lat' dir='ltr'><strong>de</strong></span> <span class='ocrx_word' id='word_1_41' title='bbox 491 490 613 524; x_wconf 87' lang='lat' dir='ltr'><strong>causa,</strong></span> <span class='ocrx_word' id='word_1_42' title='bbox 657 476 894 514; x_wconf 86' lang='lat' dir='ltr'><strong>instruendus</strong></span> <span class='ocrx_word' id='word_1_43' title='bbox 927 488 978 521; x_wconf 89' lang='lat' dir='ltr'><strong>es,</strong></span> <span class='ocrx_word' id='word_1_44' title='bbox 1018 488 1066 512; x_wconf 92' lang='lat' dir='ltr'><strong>ne</strong></span> <span class='ocrx_word' id='word_1_45' title='bbox 1107 475 1254 513; x_wconf 81' lang='lat' dir='ltr'>vacillet</span> <span class='ocrx_word' id='word_1_46' title='bbox 1288 475 1438 526; x_wconf 89' lang='lat' dir='ltr'><strong>opinio;</strong></span> <span class='ocrx_word' id='word_1_47' title='bbox 1484 474 1543 511; x_wconf 86' lang='lat' dir='ltr'><strong>vel</strong></span> <span class='ocrx_word' id='word_1_48' title='bbox 1585 473 1672 523; x_wconf 84' lang='lat' dir='ltr'><strong>quia</strong></span> 
     </span>
     <span class='ocr_line' id='line_1_6' title="bbox 109 536 1671 593; baseline -0.003 -15"><span class='ocrx_word' id='word_1_49' title='bbox 109 541 201 579; x_wconf 88' lang='lat' dir='ltr'><strong>scire</strong></span> <span class='ocrx_word' id='word_1_50' title='bbox 219 540 373 579; x_wconf 88' lang='lat' dir='ltr'><strong>fortasse</strong></span> <span class='ocrx_word' id='word_1_51' title='bbox 398 543 514 593; x_wconf 89' lang='lat' dir='ltr'><strong>cupis,</strong></span> <span class='ocrx_word' id='word_1_52' title='bbox 541 540 841 580; x_wconf 84' lang='lat' dir='ltr'><strong>satisfaciendum</strong></span> <span class='ocrx_word' id='word_1_53' title='bbox 867 545 924 578; x_wconf 88' lang='lat' dir='ltr'><strong>est</strong></span> <span class='ocrx_word' id='word_1_54' title='bbox 946 546 1045 585; x_wconf 91' lang='lat' dir='ltr'><strong>voto,</strong></span> <span class='ocrx_word' id='word_1_55' title='bbox 1071 553 1117 577; x_wconf 91' lang='lat' dir='ltr'><strong>ne</strong></span> <span class='ocrx_word' id='word_1_56' title='bbox 1143 539 1362 576; x_wconf 83' lang='lat' dir='ltr'><strong>vulneretur.</strong></span> <span class='ocrx_word' id='word_1_57' title='bbox 1418 538 1550 589; x_wconf 85' lang='lat' dir='ltr'>Neque</span> <span class='ocrx_word' id='word_1_58' title='bbox 1572 536 1671 574; x_wconf 90' lang='lat' dir='ltr'><strong>enim</strong></span> 
     </span>
     <span class='ocr_line' id='line_1_7' title="bbox 109 600 1674 651; baseline -0.003 -9"><span class='ocrx_word' id='word_1_59' title='bbox 109 610 174 642; x_wconf 89' lang='lat' dir='ltr'><strong>aut</strong></span> <span class='ocrx_word' id='word_1_60' title='bbox 205 605 317 643; x_wconf 86' lang='lat' dir='ltr'><strong>officii</strong></span> <span class='ocrx_word' id='word_1_61' title='bbox 351 607 421 644; x_wconf 88' lang='lat' dir='ltr'><strong>mei</strong></span> <span class='ocrx_word' id='word_1_62' title='bbox 455 611 646 644; x_wconf 89' lang='lat' dir='ltr'><strong>contemtu</strong></span> <span class='ocrx_word' id='word_1_63' title='bbox 673 611 823 650; x_wconf 88' lang='lat' dir='ltr'><strong>temere,</strong></span> <span class='ocrx_word' id='word_1_64' title='bbox 854 612 918 642; x_wconf 88' lang='lat' dir='ltr'><strong>aut</strong></span> <span class='ocrx_word' id='word_1_65' title='bbox 951 603 1192 642; x_wconf 85' lang='lat' dir='ltr'><strong>humanitatis</strong></span> <span class='ocrx_word' id='word_1_66' title='bbox 1225 609 1302 640; x_wconf 82' lang='lat' dir='ltr'><strong>tuae</strong></span> <span class='ocrx_word' id='word_1_67' title='bbox 1340 602 1523 640; x_wconf 88' lang='lat' dir='ltr'><strong>oblivione</strong></span> <span class='ocrx_word' id='word_1_68' title='bbox 1554 600 1674 651; x_wconf 83' lang='lat' dir='ltr'><strong>negli-</strong></span> 
     </span>
     <span class='ocr_line' id='line_1_8' title="bbox 109 665 1672 720; baseline -0.003 -13"><span class='ocrx_word' id='word_1_69' title='bbox 109 675 253 719; x_wconf 77' lang='lat' dir='ltr'><strong>genter,</strong></span> <span class='ocrx_word' id='word_1_70' title='bbox 279 676 343 707; x_wconf 88' lang='lat' dir='ltr'><strong>aut</strong></span> <span class='ocrx_word' id='word_1_71' title='bbox 368 671 442 708; x_wconf 92' lang='lat' dir='ltr'><strong>ulla</strong></span> <span class='ocrx_word' id='word_1_72' title='bbox 462 671 606 709; x_wconf 86' lang='lat' dir='ltr'><strong>ratione</strong></span> <span class='ocrx_word' id='word_1_73' title='bbox 632 669 771 707; x_wconf 86' lang='lat' dir='ltr'><strong>factum</strong></span> <span class='ocrx_word' id='word_1_74' title='bbox 796 674 906 720; x_wconf 89' lang='lat' dir='ltr'><strong>putes</strong></span> <span class='ocrx_word' id='word_1_75' title='bbox 930 667 1188 713; x_wconf 80' lang='lat' dir='ltr'><strong>inhumaniter,</strong></span> <span class='ocrx_word' id='word_1_76' title='bbox 1216 666 1316 717; x_wconf 89' lang='lat' dir='ltr'><strong>quod</strong></span> <span class='ocrx_word' id='word_1_77' title='bbox 1339 667 1454 704; x_wconf 88' lang='lat' dir='ltr'><strong>literis</strong></span> <span class='ocrx_word' id='word_1_78' title='bbox 1481 666 1555 703; x_wconf 89' lang='lat' dir='ltr'><strong>tuis</strong></span> <span class='ocrx_word' id='word_1_79' title='bbox 1578 665 1672 715; x_wconf 86' lang='lat' dir='ltr'><strong>jam-</strong></span> 
     </span>
     <span class='ocr_line' id='line_1_9' title="bbox 107 731 1672 785; baseline -0.003 -15"><span class='ocrx_word' id='word_1_80' title='bbox 107 734 244 771; x_wconf 84' lang='lat' dir='ltr'>dudum</span> <span class='ocrx_word' id='word_1_81' title='bbox 276 735 398 773; x_wconf 87' lang='lat' dir='ltr'><strong>missis</strong></span> <span class='ocrx_word' id='word_1_82' title='bbox 420 735 562 785; x_wconf 87' lang='lat' dir='ltr'><strong>jamdiu</strong></span> <span class='ocrx_word' id='word_1_83' title='bbox 589 747 665 771; x_wconf 91' lang='lat' dir='ltr'><strong>non</strong></span> <span class='ocrx_word' id='word_1_84' title='bbox 695 732 956 784; x_wconf 87' lang='lat' dir='ltr'><strong>responderim.</strong></span> <span class='ocrx_word' id='word_1_85' title='bbox 1023 732 1093 769; x_wconf 88' lang='lat' dir='ltr'><strong>Sed</strong></span> <span class='ocrx_word' id='word_1_86' title='bbox 1121 732 1209 782; x_wconf 88' lang='lat' dir='ltr'><strong>quia</strong></span> <span class='ocrx_word' id='word_1_87' title='bbox 1230 744 1315 768; x_wconf 91' lang='lat' dir='ltr'><strong>cum</strong></span> <span class='ocrx_word' id='word_1_88' title='bbox 1341 737 1378 767; x_wconf 92' lang='lat' dir='ltr'><strong>et</strong></span> <span class='ocrx_word' id='word_1_89' title='bbox 1408 731 1507 768; x_wconf 90' lang='lat' dir='ltr'><strong>domi</strong></span> <span class='ocrx_word' id='word_1_90' title='bbox 1534 734 1672 767; x_wconf 82' lang='lat' dir='ltr'><strong>nostrae</strong></span> 
     </span>
     <span class='ocr_line' id='line_1_10' title="bbox 109 792 1673 848; baseline -0.004 -14"><span class='ocrx_word' id='word_1_91' title='bbox 109 799 296 836; x_wconf 89' lang='lat' dir='ltr'><strong>turbatum</strong></span> <span class='ocrx_word' id='word_1_92' title='bbox 324 800 371 837; x_wconf 88' lang='lat' dir='ltr'><strong>sit</strong></span> <span class='ocrx_word' id='word_1_93' title='bbox 398 799 577 844; x_wconf 88' lang='lat' dir='ltr'><strong>nonnihil,</strong></span> <span class='ocrx_word' id='word_1_94' title='bbox 606 805 644 835; x_wconf 91' lang='lat' dir='ltr'><strong>et</strong></span> <span class='ocrx_word' id='word_1_95' title='bbox 675 798 763 835; x_wconf 89' lang='lat' dir='ltr'><strong>foris</strong></span> <span class='ocrx_word' id='word_1_96' title='bbox 791 797 948 848; x_wconf 88' lang='lat' dir='ltr'><strong>undique</strong></span> <span class='ocrx_word' id='word_1_97' title='bbox 975 796 1210 834; x_wconf 86' lang='lat' dir='ltr'><strong>vehementer</strong></span> <span class='ocrx_word' id='word_1_98' title='bbox 1237 795 1285 833; x_wconf 91' lang='lat' dir='ltr'><strong>sit</strong></span> <span class='ocrx_word' id='word_1_99' title='bbox 1312 795 1588 838; x_wconf 84' lang='lat' dir='ltr'>tumultuatum,</span> <span class='ocrx_word' id='word_1_100' title='bbox 1621 792 1673 829; x_wconf 93' lang='lat' dir='ltr'><strong>sic</strong></span> 
     </span>
     <span class='ocr_line' id='line_1_11' title="bbox 110 860 1674 913; baseline -0.004 -13"><span class='ocrx_word' id='word_1_101' title='bbox 110 868 151 900; x_wconf 91' lang='lat' dir='ltr'><strong>ut</strong></span> <span class='ocrx_word' id='word_1_102' title='bbox 180 863 262 913; x_wconf 86' lang='lat' dir='ltr'><strong>ipsa</strong></span> <span class='ocrx_word' id='word_1_103' title='bbox 287 863 398 901; x_wconf 90' lang='lat' dir='ltr'><strong>etiam</strong></span> <span class='ocrx_word' id='word_1_104' title='bbox 427 864 473 901; x_wconf 88' lang='lat' dir='ltr'><strong>ad</strong></span> <span class='ocrx_word' id='word_1_105' title='bbox 499 876 562 901; x_wconf 86' lang='lat' dir='ltr'><strong>vos</strong></span> <span class='ocrx_word' id='word_1_106' title='bbox 592 875 708 913; x_wconf 86' lang='lat' dir='ltr'><strong>usque</strong></span> <span class='ocrx_word' id='word_1_107' title='bbox 741 862 856 900; x_wconf 89' lang='lat' dir='ltr'><strong>maria</strong></span> <span class='ocrx_word' id='word_1_108' title='bbox 887 861 1112 913; x_wconf 84' lang='lat' dir='ltr'><strong>quotidianis</strong></span> <span class='ocrx_word' id='word_1_109' title='bbox 1136 860 1311 898; x_wconf 89' lang='lat' dir='ltr'><strong>bellorum</strong></span> <span class='ocrx_word' id='word_1_110' title='bbox 1343 860 1503 898; x_wconf 88' lang='lat' dir='ltr'><strong>flammis</strong></span> <span class='ocrx_word' id='word_1_111' title='bbox 1532 870 1674 895; x_wconf 84' lang='lat' dir='ltr'><strong>exarse-</strong></span> 
     </span>
     <span class='ocr_line' id='line_1_12' title="bbox 109 922 1675 977; baseline -0.003 -12"><span class='ocrx_word' id='word_1_112' title='bbox 109 927 204 965; x_wconf 85' lang='lat' dir='ltr'><strong>rint:</strong></span> <span class='ocrx_word' id='word_1_113' title='bbox 239 941 308 965; x_wconf 91' lang='lat' dir='ltr'><strong>nec</strong></span> <span class='ocrx_word' id='word_1_114' title='bbox 337 928 421 965; x_wconf 88' lang='lat' dir='ltr'><strong>data</strong></span> <span class='ocrx_word' id='word_1_115' title='bbox 447 933 502 964; x_wconf 91' lang='lat' dir='ltr'><strong>est</strong></span> <span class='ocrx_word' id='word_1_116' title='bbox 529 932 627 965; x_wconf 89' lang='lat' dir='ltr'><strong>certe</strong></span> <span class='ocrx_word' id='word_1_117' title='bbox 656 927 730 964; x_wconf 90' lang='lat' dir='ltr'><strong>ulla</strong></span> <span class='ocrx_word' id='word_1_118' title='bbox 757 926 937 964; x_wconf 89' lang='lat' dir='ltr'><strong>scribendi</strong></span> <span class='ocrx_word' id='word_1_119' title='bbox 966 925 1234 977; x_wconf 83' lang='lat' dir='ltr'><strong>opportunitas,</strong></span> <span class='ocrx_word' id='word_1_120' title='bbox 1262 938 1329 963; x_wconf 88' lang='lat' dir='ltr'><strong>nec</strong></span> <span class='ocrx_word' id='word_1_121' title='bbox 1357 925 1481 963; x_wconf 88' lang='lat' dir='ltr'><strong>oblata</strong></span> <span class='ocrx_word' id='word_1_122' title='bbox 1505 928 1562 961; x_wconf 89' lang='lat' dir='ltr'><strong>est</strong></span> <span class='ocrx_word' id='word_1_123' title='bbox 1587 922 1675 959; x_wconf 83' lang='lat' dir='ltr'><strong>hac-</strong></span> 
     </span>
     <span class='ocr_line' id='line_1_13' title="bbox 109 989 1676 1043; baseline -0.004 -14"><span class='ocrx_word' id='word_1_124' title='bbox 109 997 232 1037; x_wconf 88' lang='lat' dir='ltr'><strong>tenus,</strong></span> <span class='ocrx_word' id='word_1_125' title='bbox 251 1005 298 1029; x_wconf 87' lang='lat' dir='ltr'><strong>ex</strong></span> <span class='ocrx_word' id='word_1_126' title='bbox 316 1005 390 1043; x_wconf 92' lang='lat' dir='ltr'><strong>quo</strong></span> <span class='ocrx_word' id='word_1_127' title='bbox 417 1006 436 1029; x_wconf 93' lang='lat' dir='ltr'><strong>e</strong></span> <span class='ocrx_word' id='word_1_128' title='bbox 462 992 583 1029; x_wconf 89' lang='lat' dir='ltr'><strong>medio</strong></span> <span class='ocrx_word' id='word_1_129' title='bbox 612 991 774 1029; x_wconf 89' lang='lat' dir='ltr'><strong>sublatus</strong></span> <span class='ocrx_word' id='word_1_130' title='bbox 794 997 850 1028; x_wconf 90' lang='lat' dir='ltr'><strong>est</strong></span> <span class='ocrx_word' id='word_1_131' title='bbox 870 995 997 1028; x_wconf 90' lang='lat' dir='ltr'><strong>noster</strong></span> <span class='ocrx_word' id='word_1_132' title='bbox 1023 989 1178 1035; x_wconf 86' lang='lat' dir='ltr'><strong>Abelus,</strong></span> <span class='ocrx_word' id='word_1_133' title='bbox 1206 989 1377 1027; x_wconf 88' lang='lat' dir='ltr'><strong>mittendi</strong></span> <span class='ocrx_word' id='word_1_134' title='bbox 1403 989 1525 1032; x_wconf 86' lang='lat' dir='ltr'><strong>ratio;</strong></span> <span class='ocrx_word' id='word_1_135' title='bbox 1555 998 1676 1036; x_wconf 86' lang='lat' dir='ltr'><strong>neque</strong></span> 
     </span>
     <span class='ocr_line' id='line_1_14' title="bbox 111 1052 1676 1105; baseline -0.002 -14"><span class='ocrx_word' id='word_1_136' title='bbox 111 1055 142 1091; x_wconf 86' lang='lat' dir='ltr'><strong>si</strong></span> <span class='ocrx_word' id='word_1_137' title='bbox 173 1056 328 1094; x_wconf 90' lang='lat' dir='ltr'><strong>scribere</strong></span> <span class='ocrx_word' id='word_1_138' title='bbox 358 1056 533 1101; x_wconf 80' lang='lat' dir='ltr'><strong>libuisset,</strong></span> <span class='ocrx_word' id='word_1_139' title='bbox 571 1061 635 1093; x_wconf 89' lang='lat' dir='ltr'><strong>aut</strong></span> <span class='ocrx_word' id='word_1_140' title='bbox 666 1055 833 1093; x_wconf 86' lang='lat' dir='ltr'><strong>licuisset</strong></span> <span class='ocrx_word' id='word_1_141' title='bbox 868 1054 1026 1099; x_wconf 87' lang='lat' dir='ltr'><strong>mittere,</strong></span> <span class='ocrx_word' id='word_1_142' title='bbox 1065 1054 1252 1105; x_wconf 86' lang='lat' dir='ltr'><strong>explorata</strong></span> <span class='ocrx_word' id='word_1_143' title='bbox 1287 1059 1413 1091; x_wconf 89' lang='lat' dir='ltr'><strong>tamen</strong></span> <span class='ocrx_word' id='word_1_144' title='bbox 1444 1052 1573 1090; x_wconf 83' lang='lat' dir='ltr'><strong>fuisset</strong></span> <span class='ocrx_word' id='word_1_145' title='bbox 1603 1057 1676 1087; x_wconf 86' lang='lat' dir='ltr'><strong>tra-</strong></span> 
     </span>
     <span class='ocr_line' id='line_1_15' title="bbox 111 1117 1675 1170; baseline -0.003 -15"><span class='ocrx_word' id='word_1_146' title='bbox 111 1119 221 1157; x_wconf 88' lang='lat' dir='ltr'><strong>dendi</strong></span> <span class='ocrx_word' id='word_1_147' title='bbox 251 1120 443 1159; x_wconf 80' lang='lat' dir='ltr'><strong>certitudo.</strong></span> <span class='ocrx_word' id='word_1_148' title='bbox 500 1120 610 1158; x_wconf 90' lang='lat' dir='ltr'><strong>Nunc</strong></span> <span class='ocrx_word' id='word_1_149' title='bbox 640 1133 726 1157; x_wconf 87' lang='lat' dir='ltr'><strong>vcro</strong></span> <span class='ocrx_word' id='word_1_150' title='bbox 759 1125 798 1156; x_wconf 91' lang='lat' dir='ltr'><strong>et</strong></span> <span class='ocrx_word' id='word_1_151' title='bbox 829 1118 1142 1170; x_wconf 83' lang='lat' dir='ltr'><strong>opportunitatem</strong></span> <span class='ocrx_word' id='word_1_152' title='bbox 1169 1123 1300 1156; x_wconf 87' lang='lat' dir='ltr'><strong>nactus</strong></span> <span class='ocrx_word' id='word_1_153' title='bbox 1329 1124 1366 1155; x_wconf 87' lang='lat' dir='ltr'><strong>et</strong></span> <span class='ocrx_word' id='word_1_154' title='bbox 1393 1117 1580 1161; x_wconf 90' lang='lat' dir='ltr'><strong>nuntium,</strong></span> <span class='ocrx_word' id='word_1_155' title='bbox 1607 1126 1675 1151; x_wconf 88' lang='lat' dir='ltr'><strong>nec</strong></span> 
     </span>
     <span class='ocr_line' id='line_1_16' title="bbox 111 1182 1677 1234; baseline -0.003 -14"><span class='ocrx_word' id='word_1_156' title='bbox 111 1191 374 1234; x_wconf 83' lang='lat' dir='ltr'><strong>argumentum</strong></span> <span class='ocrx_word' id='word_1_157' title='bbox 399 1185 526 1223; x_wconf 83' lang='lat' dir='ltr'><strong>deesse</strong></span> <span class='ocrx_word' id='word_1_158' title='bbox 549 1184 675 1222; x_wconf 87' lang='lat' dir='ltr'><strong>debuit</strong></span> <span class='ocrx_word' id='word_1_159' title='bbox 701 1183 965 1221; x_wconf 84' lang='lat' dir='ltr'><strong>amantissimis</strong></span> <span class='ocrx_word' id='word_1_160' title='bbox 990 1183 1063 1221; x_wconf 89' lang='lat' dir='ltr'><strong>tuis</strong></span> <span class='ocrx_word' id='word_1_161' title='bbox 1088 1183 1202 1220; x_wconf 87' lang='lat' dir='ltr'><strong>literis</strong></span> <span class='ocrx_word' id='word_1_162' title='bbox 1225 1182 1368 1233; x_wconf 88' lang='lat' dir='ltr'><strong>jamdiu</strong></span> <span class='ocrx_word' id='word_1_163' title='bbox 1396 1186 1610 1232; x_wconf 87' lang='lat' dir='ltr'><strong>provocato,</strong></span> <span class='ocrx_word' id='word_1_164' title='bbox 1639 1184 1677 1215; x_wconf 85' lang='lat' dir='ltr'><strong>et</strong></span> 
     </span>
     <span class='ocr_line' id='line_1_17' title="bbox 110 1244 1678 1299; baseline -0.003 -14"><span class='ocrx_word' id='word_1_165' title='bbox 110 1249 395 1287; x_wconf 82' lang='lat' dir='ltr'><strong>salutationibus</strong></span> <span class='ocrx_word' id='word_1_166' title='bbox 432 1249 666 1288; x_wconf 88' lang='lat' dir='ltr'><strong>amicissimis</strong></span> <span class='ocrx_word' id='word_1_167' title='bbox 703 1249 741 1285; x_wconf 93' lang='lat' dir='ltr'><strong>in</strong></span> <span class='ocrx_word' id='word_1_168' title='bbox 777 1247 931 1298; x_wconf 87' lang='lat' dir='ltr'><strong>epistola</strong></span> <span class='ocrx_word' id='word_1_169' title='bbox 966 1247 1078 1285; x_wconf 77' lang='lat' dir='ltr'><strong>bullae</strong></span> <span class='ocrx_word' id='word_1_170' title='bbox 1116 1247 1237 1299; x_wconf 87' lang='lat' dir='ltr'><strong>papali</strong></span> <span class='ocrx_word' id='word_1_171' title='bbox 1278 1245 1436 1298; x_wconf 75' lang='lat' dir='ltr'><strong>praefixa</strong></span> <span class='ocrx_word' id='word_1_172' title='bbox 1468 1244 1678 1296; x_wconf 85' lang='lat' dir='ltr'><strong>nuperrime</strong></span> 
     </span>
     <span class='ocr_line' id='line_1_18' title="bbox 113 1310 1677 1365; baseline -0.004 -15"><span class='ocrx_word' id='word_1_173' title='bbox 113 1313 220 1351; x_wconf 86' lang='lat' dir='ltr'><strong>factis</strong></span> <span class='ocrx_word' id='word_1_174' title='bbox 242 1315 447 1365; x_wconf 85' lang='lat' dir='ltr'><strong>instigato;</strong></span> <span class='ocrx_word' id='word_1_175' title='bbox 476 1328 544 1352; x_wconf 90' lang='lat' dir='ltr'><strong>nec</strong></span> <span class='ocrx_word' id='word_1_176' title='bbox 570 1314 740 1352; x_wconf 89' lang='lat' dir='ltr'><strong>voluntas</strong></span> <span class='ocrx_word' id='word_1_177' title='bbox 758 1313 886 1350; x_wconf 87' lang='lat' dir='ltr'><strong>abesse</strong></span> <span class='ocrx_word' id='word_1_178' title='bbox 909 1312 1043 1364; x_wconf 90' lang='lat' dir='ltr'><strong>potuit,</strong></span> <span class='ocrx_word' id='word_1_179' title='bbox 1063 1312 1143 1362; x_wconf 89' lang='lat' dir='ltr'><strong>jam</strong></span> <span class='ocrx_word' id='word_1_180' title='bbox 1172 1311 1314 1362; x_wconf 81' lang='lat' dir='ltr'><strong>pridem</strong></span> <span class='ocrx_word' id='word_1_181' title='bbox 1333 1317 1420 1349; x_wconf 88' lang='lat' dir='ltr'><strong>ante</strong></span> <span class='ocrx_word' id='word_1_182' title='bbox 1445 1310 1677 1358; x_wconf 88' lang='lat' dir='ltr'><strong>multumque</strong></span> 
     </span>
     <span class='ocr_line' id='line_1_19' title="bbox 111 1373 1680 1429; baseline -0.003 -16"><span class='ocrx_word' id='word_1_183' title='bbox 111 1378 289 1429; x_wconf 90' lang='lat' dir='ltr'><strong>cupienti.</strong></span> <span class='ocrx_word' id='word_1_184' title='bbox 345 1379 458 1417; x_wconf 82' lang='lat' dir='ltr'><strong>Facio</strong></span> <span class='ocrx_word' id='word_1_185' title='bbox 486 1385 626 1425; x_wconf 87' lang='lat' dir='ltr'><strong>tamen,</strong></span> <span class='ocrx_word' id='word_1_186' title='bbox 659 1378 759 1429; x_wconf 88' lang='lat' dir='ltr'><strong>quod</strong></span> <span class='ocrx_word' id='word_1_187' title='bbox 783 1378 903 1415; x_wconf 85' lang='lat' dir='ltr'><strong>solent</strong></span> <span class='ocrx_word' id='word_1_188' title='bbox 928 1377 966 1422; x_wconf 89' lang='lat' dir='ltr'><strong>ii,</strong></span> <span class='ocrx_word' id='word_1_189' title='bbox 997 1376 1059 1427; x_wconf 90' lang='lat' dir='ltr'><strong>qui</strong></span> <span class='ocrx_word' id='word_1_190' title='bbox 1082 1389 1165 1414; x_wconf 87' lang='lat' dir='ltr'><strong>cum</strong></span> <span class='ocrx_word' id='word_1_191' title='bbox 1195 1388 1270 1413; x_wconf 86' lang='lat' dir='ltr'><strong>aere</strong></span> <span class='ocrx_word' id='word_1_192' title='bbox 1295 1376 1416 1413; x_wconf 91' lang='lat' dir='ltr'><strong>alieno</strong></span> <span class='ocrx_word' id='word_1_193' title='bbox 1444 1373 1680 1411; x_wconf 87' lang='lat' dir='ltr'><strong>vehementer</strong></span> 
     </span>
     <span class='ocr_line' id='line_1_20' title="bbox 111 1434 1679 1487; baseline -0.003 -12"><span class='ocrx_word' id='word_1_194' title='bbox 111 1440 278 1478; x_wconf 84' lang='lat' dir='ltr'><strong>obstricti</strong></span> <span class='ocrx_word' id='word_1_195' title='bbox 310 1447 408 1486; x_wconf 91' lang='lat' dir='ltr'><strong>sunt,</strong></span> <span class='ocrx_word' id='word_1_196' title='bbox 437 1441 490 1479; x_wconf 91' lang='lat' dir='ltr'><strong>sic</strong></span> <span class='ocrx_word' id='word_1_197' title='bbox 520 1447 560 1478; x_wconf 91' lang='lat' dir='ltr'><strong>ut</strong></span> <span class='ocrx_word' id='word_1_198' title='bbox 591 1441 718 1478; x_wconf 89' lang='lat' dir='ltr'><strong>multis</strong></span> <span class='ocrx_word' id='word_1_199' title='bbox 755 1440 870 1477; x_wconf 90' lang='lat' dir='ltr'><strong>multa</strong></span> <span class='ocrx_word' id='word_1_200' title='bbox 902 1440 1072 1484; x_wconf 80' lang='lat' dir='ltr'><strong>debeant,</strong></span> <span class='ocrx_word' id='word_1_201' title='bbox 1110 1439 1282 1476; x_wconf 89' lang='lat' dir='ltr'><strong>omnibus</strong></span> <span class='ocrx_word' id='word_1_202' title='bbox 1315 1445 1439 1475; x_wconf 90' lang='lat' dir='ltr'><strong>tamen</strong></span> <span class='ocrx_word' id='word_1_203' title='bbox 1466 1437 1575 1487; x_wconf 84' lang='lat' dir='ltr'><strong>plene</strong></span> <span class='ocrx_word' id='word_1_204' title='bbox 1608 1434 1679 1471; x_wconf 87' lang='lat' dir='ltr'><strong>sol-</strong></span> 
     </span>
     <span class='ocr_line' id='line_1_21' title="bbox 112 1499 1677 1556; baseline -0.002 -18"><span class='ocrx_word' id='word_1_205' title='bbox 112 1504 232 1542; x_wconf 89' lang='lat' dir='ltr'><strong>vendo</strong></span> <span class='ocrx_word' id='word_1_206' title='bbox 261 1518 337 1542; x_wconf 93' lang='lat' dir='ltr'><strong>non</strong></span> <span class='ocrx_word' id='word_1_207' title='bbox 366 1506 463 1549; x_wconf 82' lang='lat' dir='ltr'><strong>sint3</strong></span> <span class='ocrx_word' id='word_1_208' title='bbox 497 1505 597 1556; x_wconf 90' lang='lat' dir='ltr'><strong>quod</strong></span> <span class='ocrx_word' id='word_1_209' title='bbox 629 1505 779 1550; x_wconf 90' lang='lat' dir='ltr'><strong>habent,</strong></span> <span class='ocrx_word' id='word_1_210' title='bbox 814 1505 852 1542; x_wconf 90' lang='lat' dir='ltr'><strong>id</strong></span> <span class='ocrx_word' id='word_1_211' title='bbox 879 1509 1001 1542; x_wconf 91' lang='lat' dir='ltr'><strong>totum</strong></span> <span class='ocrx_word' id='word_1_212' title='bbox 1031 1504 1181 1541; x_wconf 88' lang='lat' dir='ltr'><strong>tradunt</strong></span> <span class='ocrx_word' id='word_1_213' title='bbox 1210 1503 1273 1540; x_wconf 89' lang='lat' dir='ltr'><strong>uni</strong></span> <span class='ocrx_word' id='word_1_214' title='bbox 1298 1508 1363 1541; x_wconf 88' lang='lat' dir='ltr'><strong>aut</strong></span> <span class='ocrx_word' id='word_1_215' title='bbox 1387 1501 1491 1539; x_wconf 88' lang='lat' dir='ltr'><strong>alteri</strong></span> <span class='ocrx_word' id='word_1_216' title='bbox 1521 1499 1677 1538; x_wconf 87' lang='lat' dir='ltr'><strong>credito-</strong></span> 
     </span>
     <span class='ocr_line' id='line_1_22' title="bbox 111 1564 1677 1620; baseline -0.003 -16"><span class='ocrx_word' id='word_1_217' title='bbox 111 1580 203 1613; x_wconf 91' lang='lat' dir='ltr'><strong>rum,</strong></span> <span class='ocrx_word' id='word_1_218' title='bbox 223 1569 286 1618; x_wconf 91' lang='lat' dir='ltr'><strong>qui</strong></span> <span class='ocrx_word' id='word_1_219' title='bbox 306 1582 352 1606; x_wconf 82' lang='lat' dir='ltr'><strong>ex</strong></span> <span class='ocrx_word' id='word_1_220' title='bbox 373 1582 483 1620; x_wconf 84' lang='lat' dir='ltr'><strong>aequo</strong></span> <span class='ocrx_word' id='word_1_221' title='bbox 502 1569 584 1607; x_wconf 90' lang='lat' dir='ltr'><strong>aliis</strong></span> <span class='ocrx_word' id='word_1_222' title='bbox 602 1569 792 1620; x_wconf 83' lang='lat' dir='ltr'><strong>partiatur,</strong></span> <span class='ocrx_word' id='word_1_223' title='bbox 813 1569 937 1619; x_wconf 86' lang='lat' dir='ltr'><strong>sicque</strong></span> <span class='ocrx_word' id='word_1_224' title='bbox 957 1567 1112 1618; x_wconf 82' lang='lat' dir='ltr'><strong>singulis</strong></span> <span class='ocrx_word' id='word_1_225' title='bbox 1133 1580 1199 1619; x_wconf 89' lang='lat' dir='ltr'><strong>pro</strong></span> <span class='ocrx_word' id='word_1_226' title='bbox 1215 1580 1323 1617; x_wconf 90' lang='lat' dir='ltr'><strong>posse</strong></span> <span class='ocrx_word' id='word_1_227' title='bbox 1344 1579 1411 1603; x_wconf 94' lang='lat' dir='ltr'><strong>suo</strong></span> <span class='ocrx_word' id='word_1_228' title='bbox 1434 1564 1677 1603; x_wconf 88' lang='lat' dir='ltr'><strong>satisfaciunt.</strong></span> 
     </span>
     <span class='ocr_line' id='line_1_23' title="bbox 114 1628 1681 1683; baseline -0.004 -13"><span class='ocrx_word' id='word_1_229' title='bbox 114 1632 186 1677; x_wconf 86' lang='lat' dir='ltr'><strong>Ita,</strong></span> <span class='ocrx_word' id='word_1_230' title='bbox 216 1632 364 1683; x_wconf 91' lang='lat' dir='ltr'><strong>quando</strong></span> <span class='ocrx_word' id='word_1_231' title='bbox 389 1646 467 1672; x_wconf 89' lang='lat' dir='ltr'><strong>non</strong></span> <span class='ocrx_word' id='word_1_232' title='bbox 495 1633 562 1671; x_wconf 88' lang='lat' dir='ltr'><strong>tibi</strong></span> <span class='ocrx_word' id='word_1_233' title='bbox 584 1633 709 1679; x_wconf 91' lang='lat' dir='ltr'><strong>modo,</strong></span> <span class='ocrx_word' id='word_1_234' title='bbox 736 1633 802 1670; x_wconf 90' lang='lat' dir='ltr'><strong>sed</strong></span> <span class='ocrx_word' id='word_1_235' title='bbox 828 1633 940 1670; x_wconf 90' lang='lat' dir='ltr'><strong>etiam</strong></span> <span class='ocrx_word' id='word_1_236' title='bbox 965 1633 1140 1670; x_wconf 85' lang='lat' dir='ltr'><strong>Gualtero</strong></span> <span class='ocrx_word' id='word_1_237' title='bbox 1165 1644 1261 1676; x_wconf 86' lang='lat' dir='ltr'><strong>meo,</strong></span> <span class='ocrx_word' id='word_1_238' title='bbox 1288 1630 1457 1673; x_wconf 86' lang='lat' dir='ltr'><strong>Simlero,</strong></span> <span class='ocrx_word' id='word_1_239' title='bbox 1489 1628 1681 1678; x_wconf 79' lang='lat' dir='ltr'><strong>Zuinglio,</strong></span> 
     </span>
     <span class='ocr_line' id='line_1_24' title="bbox 114 1691 1682 1748; baseline -0.003 -15"><span class='ocrx_word' id='word_1_240' title='bbox 114 1696 309 1743; x_wconf 85' lang='lat' dir='ltr'><strong>Lavatero,</strong></span> <span class='ocrx_word' id='word_1_241' title='bbox 337 1697 489 1744; x_wconf 66' lang='lat' dir='ltr'><strong>W&#39;olfio,</strong></span> <span class='ocrx_word' id='word_1_242' title='bbox 516 1697 722 1748; x_wconf 87' lang='lat' dir='ltr'><strong>ceterisque</strong></span> <span class='ocrx_word' id='word_1_243' title='bbox 751 1696 923 1734; x_wconf 87' lang='lat' dir='ltr'><strong>fratribus</strong></span> <span class='ocrx_word' id='word_1_244' title='bbox 941 1696 1131 1747; x_wconf 78' lang='lat' dir='ltr'><strong>Tigurinis</strong></span> <span class='ocrx_word' id='word_1_245' title='bbox 1159 1696 1198 1733; x_wconf 91' lang='lat' dir='ltr'><strong>in</strong></span> <span class='ocrx_word' id='word_1_246' title='bbox 1227 1694 1377 1732; x_wconf 91' lang='lat' dir='ltr'><strong>Christo</strong></span> <span class='ocrx_word' id='word_1_247' title='bbox 1403 1693 1493 1731; x_wconf 88' lang='lat' dir='ltr'><strong>mihi</strong></span> <span class='ocrx_word' id='word_1_248' title='bbox 1519 1691 1682 1730; x_wconf 86' lang='lat' dir='ltr'><strong>dilectis-</strong></span> 
     </span>
     <span class='ocr_line' id='line_1_25' title="bbox 112 1757 1681 1812; baseline -0.004 -14"><span class='ocrx_word' id='word_1_249' title='bbox 112 1761 228 1806; x_wconf 85' lang='lat' dir='ltr'><strong>simis,</strong></span> <span class='ocrx_word' id='word_1_250' title='bbox 259 1760 331 1799; x_wconf 86' lang='lat' dir='ltr'><strong>hoc</strong></span> <span class='ocrx_word' id='word_1_251' title='bbox 361 1762 514 1800; x_wconf 89' lang='lat' dir='ltr'><strong>nomine</strong></span> <span class='ocrx_word' id='word_1_252' title='bbox 541 1762 659 1799; x_wconf 88' lang='lat' dir='ltr'><strong>multa</strong></span> <span class='ocrx_word' id='word_1_253' title='bbox 681 1761 856 1806; x_wconf 88' lang='lat' dir='ltr'><strong>debeam;</strong></span> <span class='ocrx_word' id='word_1_254' title='bbox 887 1762 986 1812; x_wconf 91' lang='lat' dir='ltr'><strong>quod</strong></span> <span class='ocrx_word' id='word_1_255' title='bbox 1011 1760 1143 1806; x_wconf 87' lang='lat' dir='ltr'><strong>habeo,</strong></span> <span class='ocrx_word' id='word_1_256' title='bbox 1174 1760 1212 1797; x_wconf 90' lang='lat' dir='ltr'><strong>id</strong></span> <span class='ocrx_word' id='word_1_257' title='bbox 1238 1764 1362 1797; x_wconf 89' lang='lat' dir='ltr'><strong>totum</strong></span> <span class='ocrx_word' id='word_1_258' title='bbox 1390 1758 1458 1795; x_wconf 91' lang='lat' dir='ltr'><strong>tibi</strong></span> <span class='ocrx_word' id='word_1_259' title='bbox 1483 1757 1522 1794; x_wconf 91' lang='lat' dir='ltr'><strong>in</strong></span> <span class='ocrx_word' id='word_1_260' title='bbox 1550 1769 1681 1793; x_wconf 85' lang='lat' dir='ltr'><strong>manus</strong></span> 
     </span>
     <span class='ocr_line' id='line_1_26' title="bbox 113 1820 1683 1871; baseline -0.004 -9"><span class='ocrx_word' id='word_1_261' title='bbox 113 1826 232 1870; x_wconf 85' lang='lat' dir='ltr'><strong>trado,</strong></span> <span class='ocrx_word' id='word_1_262' title='bbox 263 1832 303 1863; x_wconf 90' lang='lat' dir='ltr'><strong>ut</strong></span> <span class='ocrx_word' id='word_1_263' title='bbox 332 1827 415 1864; x_wconf 89' lang='lat' dir='ltr'><strong>inde</strong></span> <span class='ocrx_word' id='word_1_264' title='bbox 447 1827 513 1864; x_wconf 87' lang='lat' dir='ltr'><strong>tibi</strong></span> <span class='ocrx_word' id='word_1_265' title='bbox 544 1832 580 1864; x_wconf 90' lang='lat' dir='ltr'><strong>et</strong></span> <span class='ocrx_word' id='word_1_266' title='bbox 615 1826 686 1864; x_wconf 90' lang='lat' dir='ltr'><strong>illis</strong></span> <span class='ocrx_word' id='word_1_267' title='bbox 720 1825 962 1864; x_wconf 84' lang='lat' dir='ltr'><strong>creditoribus</strong></span> <span class='ocrx_word' id='word_1_268' title='bbox 995 1824 1103 1863; x_wconf 85' lang='lat' dir='ltr'><strong>isthic</strong></span> <span class='ocrx_word' id='word_1_269' title='bbox 1131 1824 1223 1861; x_wconf 89' lang='lat' dir='ltr'><strong>meis</strong></span> <span class='ocrx_word' id='word_1_270' title='bbox 1253 1822 1420 1860; x_wconf 87' lang='lat' dir='ltr'><strong>satisfiat.</strong></span> <span class='ocrx_word' id='word_1_271' title='bbox 1472 1820 1683 1871; x_wconf 84' lang='lat' dir='ltr'><strong>AEqualiter</strong></span> 
     </span>
     <span class='ocr_line' id='line_1_27' title="bbox 115 1883 1683 1942; baseline -0.004 -16"><span class='ocrx_word' id='word_1_272' title='bbox 115 1889 228 1939; x_wconf 80' lang='lat' dir='ltr'><strong>igitur</strong></span> <span class='ocrx_word' id='word_1_273' title='bbox 258 1891 394 1941; x_wconf 88' lang='lat' dir='ltr'><strong>partire</strong></span> <span class='ocrx_word' id='word_1_274' title='bbox 426 1897 537 1942; x_wconf 86' lang='lat' dir='ltr'><strong>atque</strong></span> <span class='ocrx_word' id='word_1_275' title='bbox 570 1890 804 1928; x_wconf 87' lang='lat' dir='ltr'><strong>communica</strong></span> <span class='ocrx_word' id='word_1_276' title='bbox 837 1902 922 1928; x_wconf 90' lang='lat' dir='ltr'><strong>cum</strong></span> <span class='ocrx_word' id='word_1_277' title='bbox 958 1889 1044 1935; x_wconf 91' lang='lat' dir='ltr'><strong>illis,</strong></span> <span class='ocrx_word' id='word_1_278' title='bbox 1082 1887 1258 1940; x_wconf 88' lang='lat' dir='ltr'><strong>quidquid</strong></span> <span class='ocrx_word' id='word_1_279' title='bbox 1292 1899 1470 1924; x_wconf 88' lang='lat' dir='ltr'><strong>novarum</strong></span> <span class='ocrx_word' id='word_1_280' title='bbox 1503 1883 1683 1921; x_wconf 88' lang='lat' dir='ltr'><strong>mercium</strong></span> 
     </span>
     <span class='ocr_line' id='line_1_28' title="bbox 116 1948 1682 2005; baseline -0.004 -15"><span class='ocrx_word' id='word_1_281' title='bbox 116 1954 221 1991; x_wconf 74' lang='lat' dir='ltr'><strong>vobis</strong></span> <span class='ocrx_word' id='word_1_282' title='bbox 257 1954 417 1992; x_wconf 87' lang='lat' dir='ltr'><strong>extrudo</strong></span> <span class='ocrx_word' id='word_1_283' title='bbox 452 1968 498 1991; x_wconf 88' lang='lat' dir='ltr'><strong>ex</strong></span> <span class='ocrx_word' id='word_1_284' title='bbox 533 1953 688 2005; x_wconf 85' lang='lat' dir='ltr'><strong>Anglia,</strong></span> <span class='ocrx_word' id='word_1_285' title='bbox 727 1954 866 2000; x_wconf 85' lang='lat' dir='ltr'><strong>Scotia,</strong></span> <span class='ocrx_word' id='word_1_286' title='bbox 901 1953 1033 1999; x_wconf 87' lang='lat' dir='ltr'><strong>Gallia,</strong></span> <span class='ocrx_word' id='word_1_287' title='bbox 1066 1952 1250 1990; x_wconf 87' lang='lat' dir='ltr'><strong>Flandria.</strong></span> <span class='ocrx_word' id='word_1_288' title='bbox 1317 1948 1565 1989; x_wconf 89' lang='lat' dir='ltr'><strong>Mercimonia</strong></span> <span class='ocrx_word' id='word_1_289' title='bbox 1597 1960 1682 1986; x_wconf 90' lang='lat' dir='ltr'><strong>vcro</strong></span> 
     </span>
     <span class='ocr_line' id='line_1_29' title="bbox 118 2013 1681 2068; baseline -0.004 -13"><span class='ocrx_word' id='word_1_290' title='bbox 118 2018 289 2056; x_wconf 85' lang='lat' dir='ltr'><strong>Romana</strong></span> <span class='ocrx_word' id='word_1_291' title='bbox 313 2018 419 2057; x_wconf 86' lang='lat' dir='ltr'><strong>vobis</strong></span> <span class='ocrx_word' id='word_1_292' title='bbox 446 2032 522 2056; x_wconf 90' lang='lat' dir='ltr'><strong>non</strong></span> <span class='ocrx_word' id='word_1_293' title='bbox 547 2018 685 2064; x_wconf 85' lang='lat' dir='ltr'><strong>offero;</strong></span> <span class='ocrx_word' id='word_1_294' title='bbox 711 2018 891 2056; x_wconf 89' lang='lat' dir='ltr'><strong>vilescunt</strong></span> <span class='ocrx_word' id='word_1_295' title='bbox 913 2018 1011 2055; x_wconf 90' lang='lat' dir='ltr'><strong>enim</strong></span> <span class='ocrx_word' id='word_1_296' title='bbox 1036 2017 1133 2068; x_wconf 89' lang='lat' dir='ltr'><strong>apud</strong></span> <span class='ocrx_word' id='word_1_297' title='bbox 1158 2029 1236 2060; x_wconf 89' lang='lat' dir='ltr'><strong>vos,</strong></span> <span class='ocrx_word' id='word_1_298' title='bbox 1263 2021 1321 2053; x_wconf 90' lang='lat' dir='ltr'><strong>sat</strong></span> <span class='ocrx_word' id='word_1_299' title='bbox 1344 2014 1444 2058; x_wconf 88' lang='lat' dir='ltr'><strong>scio;</strong></span> <span class='ocrx_word' id='word_1_300' title='bbox 1474 2013 1573 2063; x_wconf 91' lang='lat' dir='ltr'><strong>quod</strong></span> <span class='ocrx_word' id='word_1_301' title='bbox 1597 2025 1681 2049; x_wconf 89' lang='lat' dir='ltr'><strong>cum</strong></span> 
     </span>
     <span class='ocr_line' id='line_1_30' title="bbox 117 2076 1681 2129; baseline -0.004 -10"><span class='ocrx_word' id='word_1_302' title='bbox 117 2083 244 2120; x_wconf 87' lang='lat' dir='ltr'><strong>multis</strong></span> <span class='ocrx_word' id='word_1_303' title='bbox 263 2082 383 2120; x_wconf 90' lang='lat' dir='ltr'><strong>modis</strong></span> <span class='ocrx_word' id='word_1_304' title='bbox 402 2088 560 2128; x_wconf 90' lang='lat' dir='ltr'><strong>constet,</strong></span> <span class='ocrx_word' id='word_1_305' title='bbox 576 2089 655 2120; x_wconf 88' lang='lat' dir='ltr'><strong>tum</strong></span> <span class='ocrx_word' id='word_1_306' title='bbox 674 2082 835 2119; x_wconf 84' lang='lat' dir='ltr'><strong>maxime</strong></span> <span class='ocrx_word' id='word_1_307' title='bbox 855 2095 902 2119; x_wconf 82' lang='lat' dir='ltr'><strong>ex</strong></span> <span class='ocrx_word' id='word_1_308' title='bbox 922 2081 1137 2119; x_wconf 87' lang='lat' dir='ltr'><strong>doctissima</strong></span> <span class='ocrx_word' id='word_1_309' title='bbox 1155 2080 1266 2118; x_wconf 78' lang='lat' dir='ltr'><strong>bullae</strong></span> <span class='ocrx_word' id='word_1_310' title='bbox 1287 2078 1426 2129; x_wconf 87' lang='lat' dir='ltr'><strong>papalis</strong></span> <span class='ocrx_word' id='word_1_311' title='bbox 1445 2076 1681 2119; x_wconf 86' lang='lat' dir='ltr'><strong>refutatione,</strong></span> 
     </span>
     <span class='ocr_line' id='line_1_31' title="bbox 118 2141 1683 2198; baseline -0.004 -15"><span class='ocrx_word' id='word_1_312' title='bbox 118 2160 226 2197; x_wconf 75' lang='lat' dir='ltr'><strong>qumn</strong></span> <span class='ocrx_word' id='word_1_313' title='bbox 261 2148 307 2185; x_wconf 90' lang='lat' dir='ltr'><strong>ad</strong></span> <span class='ocrx_word' id='word_1_314' title='bbox 336 2161 405 2185; x_wconf 90' lang='lat' dir='ltr'><strong>nos</strong></span> <span class='ocrx_word' id='word_1_315' title='bbox 433 2148 512 2198; x_wconf 88' lang='lat' dir='ltr'><strong>jam</strong></span> <span class='ocrx_word' id='word_1_316' title='bbox 543 2146 683 2198; x_wconf 85' lang='lat' dir='ltr'><strong>pridem</strong></span> <span class='ocrx_word' id='word_1_317' title='bbox 715 2145 964 2191; x_wconf 85' lang='lat' dir='ltr'><strong>transmisisti,</strong></span> <span class='ocrx_word' id='word_1_318' title='bbox 995 2158 1081 2196; x_wconf 78' lang='lat' dir='ltr'><strong>quae</strong></span> <span class='ocrx_word' id='word_1_319' title='bbox 1115 2144 1226 2181; x_wconf 91' lang='lat' dir='ltr'><strong>etiam</strong></span> <span class='ocrx_word' id='word_1_320' title='bbox 1259 2142 1370 2180; x_wconf 88' lang='lat' dir='ltr'><strong>modo</strong></span> <span class='ocrx_word' id='word_1_321' title='bbox 1403 2141 1573 2180; x_wconf 88' lang='lat' dir='ltr'><strong>omnibus</strong></span> <span class='ocrx_word' id='word_1_322' title='bbox 1598 2153 1683 2192; x_wconf 88' lang='lat' dir='ltr'><strong>pro-</strong></span> 
     </span>
     <span class='ocr_line' id='line_1_32' title="bbox 119 2210 1176 2263; baseline -0.003 -15"><span class='ocrx_word' id='word_1_323' title='bbox 119 2212 332 2263; x_wconf 83' lang='lat' dir='ltr'><strong>mulganda,</strong></span> <span class='ocrx_word' id='word_1_324' title='bbox 360 2212 426 2250; x_wconf 90' lang='lat' dir='ltr'><strong>sub</strong></span> <span class='ocrx_word' id='word_1_325' title='bbox 454 2211 556 2262; x_wconf 88' lang='lat' dir='ltr'><strong>prelo</strong></span> <span class='ocrx_word' id='word_1_326' title='bbox 585 2217 654 2257; x_wconf 88' lang='lat' dir='ltr'><strong>est,</strong></span> <span class='ocrx_word' id='word_1_327' title='bbox 682 2210 983 2248; x_wconf 82' lang='lat' dir='ltr'><strong>manifestissime</strong></span> <span class='ocrx_word' id='word_1_328' title='bbox 1012 2214 1176 2260; x_wconf 88' lang='lat' dir='ltr'><strong>apparet.</strong></span> 
     </span>
    </p>

    <p class='ocr_par' dir='ltr' id='par_1_3' title="bbox 119 2268 1693 3031">
     <span class='ocr_line' id='line_1_33' title="bbox 197 2268 1682 2327; baseline -0.005 -14"><span class='ocrx_word' id='word_1_329' title='bbox 197 2276 422 2327; x_wconf 86' lang='lat' dir='ltr'><strong>Respublica</strong></span> <span class='ocrx_word' id='word_1_330' title='bbox 452 2280 579 2313; x_wconf 86' lang='lat' dir='ltr'><strong>nostra</strong></span> <span class='ocrx_word' id='word_1_331' title='bbox 603 2276 683 2326; x_wconf 86' lang='lat' dir='ltr'><strong>jam</strong></span> <span class='ocrx_word' id='word_1_332' title='bbox 713 2275 788 2313; x_wconf 82' lang='lat' dir='ltr'><strong>fere</strong></span> <span class='ocrx_word' id='word_1_333' title='bbox 818 2288 884 2326; x_wconf 88' lang='lat' dir='ltr'><strong>per</strong></span> <span class='ocrx_word' id='word_1_334' title='bbox 916 2274 1105 2324; x_wconf 84' lang='lat' dir='ltr'><strong>integrum</strong></span> <span class='ocrx_word' id='word_1_335' title='bbox 1134 2272 1335 2310; x_wconf 88' lang='lat' dir='ltr'><strong>triennium</strong></span> <span class='ocrx_word' id='word_1_336' title='bbox 1368 2269 1572 2322; x_wconf 87' lang='lat' dir='ltr'><strong>periculose</strong></span> <span class='ocrx_word' id='word_1_337' title='bbox 1600 2268 1682 2319; x_wconf 83' lang='lat' dir='ltr'><strong>qui·</strong></span> 
     </span>
     <span class='ocr_line' id='line_1_34' title="bbox 120 2332 1684 2390; baseline -0.006 -12"><span class='ocrx_word' id='word_1_338' title='bbox 120 2341 205 2378; x_wconf 86' lang='lat' dir='ltr'><strong>dem</strong></span> <span class='ocrx_word' id='word_1_339' title='bbox 232 2347 269 2377; x_wconf 91' lang='lat' dir='ltr'><strong>et</strong></span> <span class='ocrx_word' id='word_1_340' title='bbox 300 2339 522 2378; x_wconf 88' lang='lat' dir='ltr'><strong>horribiliter</strong></span> <span class='ocrx_word' id='word_1_341' title='bbox 550 2339 683 2390; x_wconf 79' lang='lat' dir='ltr'><strong>agitari</strong></span> <span class='ocrx_word' id='word_1_342' title='bbox 712 2344 834 2389; x_wconf 82' lang='lat' dir='ltr'><strong>coepta</strong></span> <span class='ocrx_word' id='word_1_343' title='bbox 863 2344 931 2383; x_wconf 88' lang='lat' dir='ltr'><strong>est,</strong></span> <span class='ocrx_word' id='word_1_344' title='bbox 962 2338 1048 2375; x_wconf 87' lang='lat' dir='ltr'><strong>dum</strong></span> <span class='ocrx_word' id='word_1_345' title='bbox 1077 2343 1115 2374; x_wconf 92' lang='lat' dir='ltr'><strong>et</strong></span> <span class='ocrx_word' id='word_1_346' title='bbox 1146 2337 1232 2374; x_wconf 87' lang='lat' dir='ltr'><strong>foris</strong></span> <span class='ocrx_word' id='word_1_347' title='bbox 1257 2335 1407 2387; x_wconf 86' lang='lat' dir='ltr'><strong>perfidis</strong></span> <span class='ocrx_word' id='word_1_348' title='bbox 1435 2333 1601 2371; x_wconf 88' lang='lat' dir='ltr'><strong>hostium</strong></span> <span class='ocrx_word' id='word_1_349' title='bbox 1631 2332 1684 2369; x_wconf 90' lang='lat' dir='ltr'><strong>in-</strong></span> 
     </span>
     <span class='ocr_line' id='line_1_35' title="bbox 119 2395 1688 2455; baseline -0.006 -13"><span class='ocrx_word' id='word_1_350' title='bbox 119 2405 273 2442; x_wconf 84' lang='lat' dir='ltr'><strong>sultibus</strong></span> <span class='ocrx_word' id='word_1_351' title='bbox 293 2411 548 2455; x_wconf 85' lang='lat' dir='ltr'><strong>conquassata,</strong></span> <span class='ocrx_word' id='word_1_352' title='bbox 570 2410 607 2442; x_wconf 88' lang='lat' dir='ltr'><strong>et</strong></span> <span class='ocrx_word' id='word_1_353' title='bbox 626 2404 725 2441; x_wconf 90' lang='lat' dir='ltr'><strong>intus</strong></span> <span class='ocrx_word' id='word_1_354' title='bbox 743 2403 954 2442; x_wconf 87' lang='lat' dir='ltr'><strong>domesticis</strong></span> <span class='ocrx_word' id='word_1_355' title='bbox 973 2401 1264 2454; x_wconf 87' lang='lat' dir='ltr'><strong>perduellionum</strong></span> <span class='ocrx_word' id='word_1_356' title='bbox 1285 2399 1492 2438; x_wconf 87' lang='lat' dir='ltr'><strong>vulneribus</strong></span> <span class='ocrx_word' id='word_1_357' title='bbox 1518 2395 1688 2435; x_wconf 84' lang='lat' dir='ltr'><strong>confossa</strong></span> 
     </span>
     <span class='ocr_line' id='line_1_36' title="bbox 120 2461 1687 2519; baseline -0.006 -12"><span class='ocrx_word' id='word_1_358' title='bbox 120 2475 159 2507; x_wconf 86' lang='lat' dir='ltr'><strong>et</strong></span> <span class='ocrx_word' id='word_1_359' title='bbox 182 2469 399 2507; x_wconf 85' lang='lat' dir='ltr'><strong>conturbata</strong></span> <span class='ocrx_word' id='word_1_360' title='bbox 424 2474 491 2506; x_wconf 89' lang='lat' dir='ltr'><strong>est.</strong></span> <span class='ocrx_word' id='word_1_361' title='bbox 548 2468 754 2519; x_wconf 86' lang='lat' dir='ltr'><strong>Utrumque</strong></span> <span class='ocrx_word' id='word_1_362' title='bbox 781 2468 896 2519; x_wconf 87' lang='lat' dir='ltr'><strong>pestis</strong></span> <span class='ocrx_word' id='word_1_363' title='bbox 922 2480 1054 2517; x_wconf 83' lang='lat' dir='ltr'><strong>genus,</strong></span> <span class='ocrx_word' id='word_1_364' title='bbox 1076 2472 1116 2503; x_wconf 90' lang='lat' dir='ltr'><strong>ut</strong></span> <span class='ocrx_word' id='word_1_365' title='bbox 1142 2465 1219 2502; x_wconf 85' lang='lat' dir='ltr'><strong>fieri</strong></span> <span class='ocrx_word' id='word_1_366' title='bbox 1243 2465 1349 2509; x_wconf 86' lang='lat' dir='ltr'><strong>solet,</strong></span> <span class='ocrx_word' id='word_1_367' title='bbox 1377 2462 1537 2501; x_wconf 84' lang='lat' dir='ltr'><strong>exitialis</strong></span> <span class='ocrx_word' id='word_1_368' title='bbox 1567 2461 1630 2499; x_wconf 80' lang='lat' dir='ltr'><strong>illa</strong></span> <span class='ocrx_word' id='word_1_369' title='bbox 1649 2465 1687 2497; x_wconf 89' lang='lat' dir='ltr'><strong>et</strong></span> 
     </span>
     <span class='ocr_line' id='line_1_37' title="bbox 124 2524 1688 2582; baseline -0.006 -12"><span class='ocrx_word' id='word_1_370' title='bbox 124 2532 340 2570; x_wconf 82' lang='lat' dir='ltr'><strong>execrabilis</strong></span> <span class='ocrx_word' id='word_1_371' title='bbox 364 2532 479 2569; x_wconf 87' lang='lat' dir='ltr'><strong>totius</strong></span> <span class='ocrx_word' id='word_1_372' title='bbox 504 2531 602 2570; x_wconf 87' lang='lat' dir='ltr'><strong>orbis</strong></span> <span class='ocrx_word' id='word_1_373' title='bbox 632 2532 804 2582; x_wconf 85' lang='lat' dir='ltr'><strong>Erinnys,</strong></span> <span class='ocrx_word' id='word_1_374' title='bbox 830 2531 988 2582; x_wconf 85' lang='lat' dir='ltr'><strong>papismi</strong></span> <span class='ocrx_word' id='word_1_375' title='bbox 1011 2530 1120 2580; x_wconf 89' lang='lat' dir='ltr'><strong>stirps</strong></span> <span class='ocrx_word' id='word_1_376' title='bbox 1147 2535 1184 2566; x_wconf 91' lang='lat' dir='ltr'><strong>et</strong></span> <span class='ocrx_word' id='word_1_377' title='bbox 1211 2541 1389 2579; x_wconf 79' lang='lat' dir='ltr'><strong>propago,</strong></span> <span class='ocrx_word' id='word_1_378' title='bbox 1419 2525 1560 2577; x_wconf 84' lang='lat' dir='ltr'><strong>genuit.</strong></span> <span class='ocrx_word' id='word_1_379' title='bbox 1615 2524 1688 2562; x_wconf 88' lang='lat' dir='ltr'><strong>Sed</strong></span> 
     </span>
     <span class='ocr_line' id='line_1_38' title="bbox 124 2591 1688 2645; baseline -0.005 -12"><span class='ocrx_word' id='word_1_380' title='bbox 124 2597 258 2634; x_wconf 87' lang='lat' dir='ltr'><strong>nobilis</strong></span> <span class='ocrx_word' id='word_1_381' title='bbox 278 2596 339 2633; x_wconf 84' lang='lat' dir='ltr'><strong>illa</strong></span> <span class='ocrx_word' id='word_1_382' title='bbox 358 2601 484 2633; x_wconf 87' lang='lat' dir='ltr'><strong>nostra</strong></span> <span class='ocrx_word' id='word_1_383' title='bbox 502 2601 540 2632; x_wconf 85' lang='lat' dir='ltr'><strong>et</strong></span> <span class='ocrx_word' id='word_1_384' title='bbox 563 2596 749 2633; x_wconf 78' lang='lat' dir='ltr'><strong>excellens</strong></span> <span class='ocrx_word' id='word_1_385' title='bbox 773 2595 890 2645; x_wconf 84' lang='lat' dir='ltr'><strong>virgo,</strong></span> <span class='ocrx_word' id='word_1_386' title='bbox 912 2594 1012 2632; x_wconf 87' lang='lat' dir='ltr'><strong>domi</strong></span> <span class='ocrx_word' id='word_1_387' title='bbox 1032 2605 1110 2630; x_wconf 73' lang='lat' dir='ltr'><strong>suae</strong></span> <span class='ocrx_word' id='word_1_388' title='bbox 1129 2605 1254 2630; x_wconf 89' lang='lat' dir='ltr'><strong>secure</strong></span> <span class='ocrx_word' id='word_1_389' title='bbox 1273 2591 1554 2642; x_wconf 89' lang='lat' dir='ltr'><strong>conquiescens,</strong></span> <span class='ocrx_word' id='word_1_390' title='bbox 1573 2595 1688 2626; x_wconf 73' lang='lat' dir='ltr'><strong>utras-</strong></span> 
     </span>
     <span class='ocr_line' id='line_1_39' title="bbox 123 2652 1686 2710; baseline -0.005 -13"><span class='ocrx_word' id='word_1_391' title='bbox 123 2674 194 2710; x_wconf 88' lang='lat' dir='ltr'><strong>que</strong></span> <span class='ocrx_word' id='word_1_392' title='bbox 228 2674 301 2697; x_wconf 90' lang='lat' dir='ltr'><strong>una</strong></span> <span class='ocrx_word' id='word_1_393' title='bbox 332 2660 425 2697; x_wconf 82' lang='lat' dir='ltr'><strong>vires</strong></span> <span class='ocrx_word' id='word_1_394' title='bbox 453 2659 574 2710; x_wconf 83' lang='lat' dir='ltr'><strong>fregit,</strong></span> <span class='ocrx_word' id='word_1_395' title='bbox 607 2665 644 2697; x_wconf 90' lang='lat' dir='ltr'><strong>et</strong></span> <span class='ocrx_word' id='word_1_396' title='bbox 673 2659 753 2696; x_wconf 90' lang='lat' dir='ltr'><strong>illos</strong></span> <span class='ocrx_word' id='word_1_397' title='bbox 785 2659 863 2696; x_wconf 87' lang='lat' dir='ltr'><strong>sine</strong></span> <span class='ocrx_word' id='word_1_398' title='bbox 896 2659 1026 2696; x_wconf 87' lang='lat' dir='ltr'><strong>sudore</strong></span> <span class='ocrx_word' id='word_1_399' title='bbox 1055 2663 1093 2694; x_wconf 89' lang='lat' dir='ltr'><strong>et</strong></span> <span class='ocrx_word' id='word_1_400' title='bbox 1121 2656 1213 2694; x_wconf 91' lang='lat' dir='ltr'><strong>istos</strong></span> <span class='ocrx_word' id='word_1_401' title='bbox 1243 2656 1322 2693; x_wconf 85' lang='lat' dir='ltr'><strong>sine</strong></span> <span class='ocrx_word' id='word_1_402' title='bbox 1352 2654 1530 2705; x_wconf 88' lang='lat' dir='ltr'><strong>sanguine</strong></span> <span class='ocrx_word' id='word_1_403' title='bbox 1563 2652 1686 2704; x_wconf 84' lang='lat' dir='ltr'><strong>profli-</strong></span> 
     </span>
     <span class='ocr_line' id='line_1_40' title="bbox 126 2717 1689 2774; baseline -0.004 -14"><span class='ocrx_word' id='word_1_404' title='bbox 126 2724 237 2773; x_wconf 79' lang='lat' dir='ltr'><strong>gavit.</strong></span> <span class='ocrx_word' id='word_1_405' title='bbox 286 2724 345 2761; x_wconf 89' lang='lat' dir='ltr'><strong>Ita</strong></span> <span class='ocrx_word' id='word_1_406' title='bbox 362 2724 502 2769; x_wconf 84' lang='lat' dir='ltr'><strong>omnia,</strong></span> <span class='ocrx_word' id='word_1_407' title='bbox 522 2723 624 2773; x_wconf 86' lang='lat' dir='ltr'><strong>quasi</strong></span> <span class='ocrx_word' id='word_1_408' title='bbox 643 2736 688 2760; x_wconf 82' lang='lat' dir='ltr'><strong>ex</strong></span> <span class='ocrx_word' id='word_1_409' title='bbox 707 2723 905 2774; x_wconf 90' lang='lat' dir='ltr'><strong>insperato,</strong></span> <span class='ocrx_word' id='word_1_410' title='bbox 925 2722 1072 2760; x_wconf 84' lang='lat' dir='ltr'><strong>coelitus</strong></span> <span class='ocrx_word' id='word_1_411' title='bbox 1091 2721 1333 2765; x_wconf 88' lang='lat' dir='ltr'><strong>obvenerunt,</strong></span> <span class='ocrx_word' id='word_1_412' title='bbox 1351 2725 1392 2757; x_wconf 90' lang='lat' dir='ltr'><strong>ut</strong></span> <span class='ocrx_word' id='word_1_413' title='bbox 1411 2732 1485 2756; x_wconf 90' lang='lat' dir='ltr'><strong>non</strong></span> <span class='ocrx_word' id='word_1_414' title='bbox 1504 2717 1689 2755; x_wconf 88' lang='lat' dir='ltr'><strong>immerito</strong></span> 
     </span>
     <span class='ocr_line' id='line_1_41' title="bbox 126 2783 1691 2834; baseline -0.003 -11"><span class='ocrx_word' id='word_1_415' title='bbox 126 2787 171 2825; x_wconf 88' lang='lat' dir='ltr'><strong>dc</strong></span> <span class='ocrx_word' id='word_1_416' title='bbox 203 2788 299 2826; x_wconf 81' lang='lat' dir='ltr'><strong>coelo</strong></span> <span class='ocrx_word' id='word_1_417' title='bbox 333 2802 400 2826; x_wconf 91' lang='lat' dir='ltr'><strong>suo</strong></span> <span class='ocrx_word' id='word_1_418' title='bbox 428 2787 657 2825; x_wconf 77' lang='lat' dir='ltr'><strong>exercituum</strong></span> <span class='ocrx_word' id='word_1_419' title='bbox 688 2793 725 2825; x_wconf 89' lang='lat' dir='ltr'><strong>et</strong></span> <span class='ocrx_word' id='word_1_420' title='bbox 757 2787 898 2824; x_wconf 87' lang='lat' dir='ltr'><strong>virtutis</strong></span> <span class='ocrx_word' id='word_1_421' title='bbox 932 2785 1117 2823; x_wconf 91' lang='lat' dir='ltr'><strong>Dominus</strong></span> <span class='ocrx_word' id='word_1_422' title='bbox 1146 2784 1327 2834; x_wconf 83' lang='lat' dir='ltr'><strong>evangelii</strong></span> <span class='ocrx_word' id='word_1_423' title='bbox 1355 2783 1412 2822; x_wconf 88' lang='lat' dir='ltr'><strong>sui</strong></span> <span class='ocrx_word' id='word_1_424' title='bbox 1437 2795 1586 2821; x_wconf 89' lang='lat' dir='ltr'><strong>causam</strong></span> <span class='ocrx_word' id='word_1_425' title='bbox 1614 2794 1691 2818; x_wconf 87' lang='lat' dir='ltr'><strong>sus-</strong></span> 
     </span>
     <span class='ocr_line' id='line_1_42' title="bbox 126 2848 1691 2903; baseline -0.004 -15"><span class='ocrx_word' id='word_1_426' title='bbox 126 2852 280 2902; x_wconf 84' lang='lat' dir='ltr'><strong>cepisse,</strong></span> <span class='ocrx_word' id='word_1_427' title='bbox 317 2852 468 2903; x_wconf 88' lang='lat' dir='ltr'><strong>suisque</strong></span> <span class='ocrx_word' id='word_1_428' title='bbox 504 2851 608 2901; x_wconf 85' lang='lat' dir='ltr'><strong>quasi</strong></span> <span class='ocrx_word' id='word_1_429' title='bbox 639 2851 808 2888; x_wconf 86' lang='lat' dir='ltr'><strong>manibus</strong></span> <span class='ocrx_word' id='word_1_430' title='bbox 837 2862 1103 2901; x_wconf 81' lang='lat' dir='ltr'><strong>propugnasse,</strong></span> <span class='ocrx_word' id='word_1_431' title='bbox 1134 2849 1326 2887; x_wconf 84' lang='lat' dir='ltr'><strong>videretur.</strong></span> <span class='ocrx_word' id='word_1_432' title='bbox 1394 2848 1547 2886; x_wconf 87' lang='lat' dir='ltr'><strong>Illorum</strong></span> <span class='ocrx_word' id='word_1_433' title='bbox 1580 2858 1691 2890; x_wconf 86' lang='lat' dir='ltr'><strong>arma,</strong></span> 
     </span>
     <span class='ocr_line' id='line_1_43' title="bbox 127 2910 1692 2965; baseline -0.004 -12"><span class='ocrx_word' id='word_1_434' title='bbox 127 2915 333 2961; x_wconf 83' lang='lat' dir='ltr'><strong>thesauros,</strong></span> <span class='ocrx_word' id='word_1_435' title='bbox 363 2916 497 2954; x_wconf 87' lang='lat' dir='ltr'><strong>classes</strong></span> <span class='ocrx_word' id='word_1_436' title='bbox 523 2915 631 2953; x_wconf 89' lang='lat' dir='ltr'><strong>nobis</strong></span> <span class='ocrx_word' id='word_1_437' title='bbox 660 2915 706 2953; x_wconf 88' lang='lat' dir='ltr'><strong>de</strong></span> <span class='ocrx_word' id='word_1_438' title='bbox 734 2915 832 2953; x_wconf 80' lang='lat' dir='ltr'><strong>coelo</strong></span> <span class='ocrx_word' id='word_1_439' title='bbox 860 2915 972 2960; x_wconf 90' lang='lat' dir='ltr'><strong>venti,</strong></span> <span class='ocrx_word' id='word_1_440' title='bbox 1006 2914 1220 2965; x_wconf 90' lang='lat' dir='ltr'><strong>spontaneis</strong></span> <span class='ocrx_word' id='word_1_441' title='bbox 1243 2912 1345 2964; x_wconf 86' lang='lat' dir='ltr'><strong>quasi</strong></span> <span class='ocrx_word' id='word_1_442' title='bbox 1374 2911 1535 2956; x_wconf 82' lang='lat' dir='ltr'><strong>flatibus,</strong></span> <span class='ocrx_word' id='word_1_443' title='bbox 1569 2910 1692 2947; x_wconf 78' lang='lat' dir='ltr'><strong>invex-</strong></span> 
     </span>
     <span class='ocr_line' id='line_1_44' title="bbox 127 2973 1693 3031; baseline -0.005 -14"><span class='ocrx_word' id='word_1_444' title='bbox 127 2986 253 3025; x_wconf 80' lang='lat' dir='ltr'><strong>erunt3</strong></span> <span class='ocrx_word' id='word_1_445' title='bbox 284 2981 437 3019; x_wconf 79' lang='lat' dir='ltr'><strong>istorum</strong></span> <span class='ocrx_word' id='word_1_446' title='bbox 468 2985 678 3031; x_wconf 82' lang='lat' dir='ltr'><strong>apparatus,</strong></span> <span class='ocrx_word' id='word_1_447' title='bbox 710 2979 949 3025; x_wconf 86' lang='lat' dir='ltr'><strong>munitiones,</strong></span> <span class='ocrx_word' id='word_1_448' title='bbox 980 2979 1130 3025; x_wconf 87' lang='lat' dir='ltr'><strong>milites,</strong></span> <span class='ocrx_word' id='word_1_449' title='bbox 1156 2978 1234 3028; x_wconf 88' lang='lat' dir='ltr'><strong>ipse</strong></span> <span class='ocrx_word' id='word_1_450' title='bbox 1260 2975 1395 3027; x_wconf 81' lang='lat' dir='ltr'><strong>regalis</strong></span> <span class='ocrx_word' id='word_1_451' title='bbox 1424 2975 1608 3014; x_wconf 82' lang='lat' dir='ltr'><strong>exercitus</strong></span> <span class='ocrx_word' id='word_1_452' title='bbox 1633 2973 1693 3010; x_wconf 86' lang='lat' dir='ltr'><strong>ad-</strong></span> 
     </span>
    </p>

    <p class='ocr_par' dir='ltr' id='par_1_4' title="bbox 244 3041 1580 3158">
     <span class='ocr_line' id='line_1_45' title="bbox 1502 3041 1580 3078; baseline -0.013 0"><span class='ocrx_word' id='word_1_453' title='bbox 1502 3041 1580 3078; x_wconf 53' lang='lat'><strong>³³10</strong></span> 
     </span>
     <span class='ocr_line' id='line_1_46' title="bbox 244 3100 683 3158; baseline 0.002 -16"><span class='ocrx_word' id='word_1_454' title='bbox 244 3102 426 3158; x_wconf 64' lang='lat' dir='ltr'><strong>[marcu</strong></span> <span class='ocrx_word' id='word_1_455' title='bbox 464 3100 683 3156; x_wconf 61' lang='lat' dir='ltr'><strong>1.i:&#39;1*&#39;rn1³s.]</strong></span> 
     </span>
    </p>
   </div>
  </div>
 </body>
</html>
