<?xml version="1.0" encoding="UTF-8"?>
<!DOCTYPE html PUBLIC "-//W3C//DTD XHTML 1.0 Transitional//EN"
    "http://www.w3.org/TR/xhtml1/DTD/xhtml1-transitional.dtd">
<html xmlns="http://www.w3.org/1999/xhtml" xml:lang="en" lang="en">
 <head>
  <title>
</title>
<meta http-equiv="Content-Type" content="text/html;charset=utf-8" />
  <meta name='ocr-system' content='tesseract 3.04.00' />
  <meta name='ocr-capabilities' content='ocr_page ocr_carea ocr_par ocr_line ocrx_word'/>
</head>
<body>
  <div class='ocr_page' id='page_1' title='image "./zurichletterscom02hunt_0412.png"; bbox 0 0 1845 3233; ppageno 0'>
   <div class='ocr_carea' id='block_1_1' title="bbox 214 164 1786 223">
    <p class='ocr_par' dir='ltr' id='par_1_1' title="bbox 214 164 1786 223">
     <span class='ocr_line' id='line_1_1' title="bbox 214 164 1786 223; baseline -0.001 -14"><span class='ocrx_word' id='word_1_1' title='bbox 214 169 297 210; x_wconf 82' lang='lat'>112</span> <span class='ocrx_word' id='word_1_2' title='bbox 739 181 1017 207; x_wconf 73' lang='lat' dir='ltr'><strong>PERCEVALLUS</strong></span> <span class='ocrx_word' id='word_1_3' title='bbox 1047 181 1265 207; x_wconf 76' lang='lat' dir='ltr'>WIBURNUS</span> <span class='ocrx_word' id='word_1_4' title='bbox 1620 164 1622 166; x_wconf 57' lang='grc'>’</span> <span class='ocrx_word' id='word_1_5' title='bbox 1644 166 1786 223; x_wconf 71' lang='lat' dir='ltr'>[Emer.</span> 
     </span>
    </p>
   </div>
   <div class='ocr_carea' id='block_1_2' title="bbox 194 296 1792 2980">
    <p class='ocr_par' dir='ltr' id='par_1_2' title="bbox 194 296 1792 2980">
     <span class='ocr_line' id='line_1_2' title="bbox 208 296 1788 347; baseline -0.001 -11"><span class='ocrx_word' id='word_1_6' title='bbox 208 311 335 336; x_wconf 86' lang='lat' dir='ltr'>eorum</span> <span class='ocrx_word' id='word_1_7' title='bbox 357 297 507 347; x_wconf 81' lang='lat' dir='ltr'>ignarus</span> <span class='ocrx_word' id='word_1_8' title='bbox 525 297 635 347; x_wconf 89' lang='lat' dir='ltr'>plane</span> <span class='ocrx_word' id='word_1_9' title='bbox 654 309 741 347; x_wconf 79' lang='lat' dir='ltr'>quae</span> <span class='ocrx_word' id='word_1_10' title='bbox 761 296 1018 341; x_wconf 81' lang='lat' dir='ltr'>continebant,</span> <span class='ocrx_word' id='word_1_11' title='bbox 1048 297 1101 334; x_wconf 89' lang='lat' dir='ltr'>ita</span> <span class='ocrx_word' id='word_1_12' title='bbox 1124 296 1203 346; x_wconf 86' lang='lat' dir='ltr'>jam</span> <span class='ocrx_word' id='word_1_13' title='bbox 1232 301 1343 334; x_wconf 87' lang='lat' dir='ltr'>antea</span> <span class='ocrx_word' id='word_1_14' title='bbox 1367 297 1568 347; x_wconf 81' lang='lat' dir='ltr'>diligenter</span> <span class='ocrx_word' id='word_1_15' title='bbox 1586 296 1623 334; x_wconf 89' lang='lat' dir='ltr'>in</span> <span class='ocrx_word' id='word_1_16' title='bbox 1642 297 1788 335; x_wconf 88' lang='lat' dir='ltr'>illorum</span> 
     </span>
     <span class='ocr_line' id='line_1_3' title="bbox 208 360 1791 411; baseline -0.001 -12"><span class='ocrx_word' id='word_1_17' title='bbox 208 375 338 399; x_wconf 88' lang='lat' dir='ltr'>manus</span> <span class='ocrx_word' id='word_1_18' title='bbox 356 360 450 397; x_wconf 87' lang='lat' dir='ltr'>tradi</span> <span class='ocrx_word' id='word_1_19' title='bbox 466 372 690 397; x_wconf 82' lang='lat' dir='ltr'><strong>curaveram.</strong></span> <span class='ocrx_word' id='word_1_20' title='bbox 741 360 843 404; x_wconf 86' lang='lat' dir='ltr'>Quid</span> <span class='ocrx_word' id='word_1_21' title='bbox 861 360 1007 397; x_wconf 85' lang='lat' dir='ltr'>multa?</span> <span class='ocrx_word' id='word_1_22' title='bbox 1056 360 1293 398; x_wconf 77' lang='lat' dir='ltr'>Innocentiae</span> <span class='ocrx_word' id='word_1_23' title='bbox 1312 360 1382 398; x_wconf 90' lang='lat' dir='ltr'>hac</span> <span class='ocrx_word' id='word_1_24' title='bbox 1400 361 1438 398; x_wconf 94' lang='lat' dir='ltr'>in</span> <span class='ocrx_word' id='word_1_25' title='bbox 1459 366 1564 411; x_wconf 89' lang='lat' dir='ltr'>parte</span> <span class='ocrx_word' id='word_1_26' title='bbox 1583 373 1681 398; x_wconf 74' lang='grc'>1110110</span> <span class='ocrx_word' id='word_1_27' title='bbox 1696 361 1791 398; x_wconf 83' lang='lat' dir='ltr'>benc</span> 
     </span>
     <span class='ocr_line' id='line_1_4' title="bbox 207 423 1790 474; baseline -0.001 -11"><span class='ocrx_word' id='word_1_28' title='bbox 207 425 392 469; x_wconf 88' lang='lat' dir='ltr'>conscius,</span> <span class='ocrx_word' id='word_1_29' title='bbox 414 424 460 461; x_wconf 94' lang='lat' dir='ltr'>D.</span> <span class='ocrx_word' id='word_1_30' title='bbox 482 423 863 474; x_wconf 67' lang='lat' dir='ltr'>Vintoniensem,“qui</span> <span class='ocrx_word' id='word_1_31' title='bbox 882 429 961 461; x_wconf 91' lang='lat' dir='ltr'>tum</span> <span class='ocrx_word' id='word_1_32' title='bbox 993 423 1156 461; x_wconf 90' lang='lat' dir='ltr'>Londini</span> <span class='ocrx_word' id='word_1_33' title='bbox 1175 424 1314 468; x_wconf 86' lang='lat' dir='ltr'>aderat,</span> <span class='ocrx_word' id='word_1_34' title='bbox 1333 425 1460 462; x_wconf 88' lang='lat' dir='ltr'>statim</span> <span class='ocrx_word' id='word_1_35' title='bbox 1481 425 1590 469; x_wconf 90' lang='lat' dir='ltr'>adeo,</span> <span class='ocrx_word' id='word_1_36' title='bbox 1617 438 1700 463; x_wconf 80' lang='lat' dir='ltr'>curn</span> <span class='ocrx_word' id='word_1_37' title='bbox 1726 425 1790 462; x_wconf 90' lang='lat' dir='ltr'>illo</span> 
     </span>
     <span class='ocr_line' id='line_1_5' title="bbox 210 486 1792 538; baseline 0 -12"><span class='ocrx_word' id='word_1_38' title='bbox 210 489 306 526; x_wconf 84' lang='lat' dir='ltr'>serio</span> <span class='ocrx_word' id='word_1_39' title='bbox 340 487 400 538; x_wconf 88' lang='lat' dir='ltr'>(ut</span> <span class='ocrx_word' id='word_1_40' title='bbox 431 500 497 538; x_wconf 87' lang='lat' dir='ltr'>par</span> <span class='ocrx_word' id='word_1_41' title='bbox 521 486 617 538; x_wconf 87' lang='lat' dir='ltr'>erat)</span> <span class='ocrx_word' id='word_1_42' title='bbox 649 487 718 525; x_wconf 92' lang='grc'>1130</span> <span class='ocrx_word' id='word_1_43' title='bbox 750 487 830 538; x_wconf 89' lang='lat' dir='ltr'>ipsa</span> <span class='ocrx_word' id='word_1_44' title='bbox 860 487 906 524; x_wconf 92' lang='lat' dir='ltr'>de</span> <span class='ocrx_word' id='word_1_45' title='bbox 936 500 975 524; x_wconf 86' lang='lat' dir='ltr'>re</span> <span class='ocrx_word' id='word_1_46' title='bbox 1001 500 1099 537; x_wconf 73' lang='lat' dir='ltr'>ago:</span> <span class='ocrx_word' id='word_1_47' title='bbox 1134 487 1372 538; x_wconf 89' lang='lat' dir='ltr'>proferuntur</span> <span class='ocrx_word' id='word_1_48' title='bbox 1398 488 1551 526; x_wconf 89' lang='lat' dir='ltr'>tandem</span> <span class='ocrx_word' id='word_1_49' title='bbox 1580 489 1700 526; x_wconf 83' lang='lat' dir='ltr'>literae</span> <span class='ocrx_word' id='word_1_50' title='bbox 1726 495 1792 526; x_wconf 86' lang='lat' dir='ltr'>tua</span> 
     </span>
     <span class='ocr_line' id='line_1_6' title="bbox 206 550 1791 602; baseline 0.001 -14"><span class='ocrx_word' id='word_1_51' title='bbox 206 552 321 602; x_wconf 86' lang='lat' dir='ltr'>ipsius</span> <span class='ocrx_word' id='word_1_52' title='bbox 352 563 464 588; x_wconf 89' lang='lat' dir='ltr'>manu</span> <span class='ocrx_word' id='word_1_53' title='bbox 495 551 661 601; x_wconf 76' lang='lat' dir='ltr'>scriptae,</span> <span class='ocrx_word' id='word_1_54' title='bbox 693 564 780 601; x_wconf 61' lang='lat' dir='ltr'>quae</span> <span class='ocrx_word' id='word_1_55' title='bbox 806 563 975 588; x_wconf 87' lang='lat' dir='ltr'>rumores</span> <span class='ocrx_word' id='word_1_56' title='bbox 1006 550 1054 587; x_wconf 86' lang='lat' dir='ltr'>ad</span> <span class='ocrx_word' id='word_1_57' title='bbox 1087 564 1154 588; x_wconf 89' lang='lat' dir='ltr'>vos</span> <span class='ocrx_word' id='word_1_58' title='bbox 1180 564 1299 602; x_wconf 88' lang='lat' dir='ltr'>usque</span> <span class='ocrx_word' id='word_1_59' title='bbox 1323 551 1499 602; x_wconf 87' lang='lat' dir='ltr'>perlatos&#39;</span> <span class='ocrx_word' id='word_1_60' title='bbox 1513 553 1717 590; x_wconf 89' lang='lat' dir='ltr'>ostendunt</span> <span class='ocrx_word' id='word_1_61' title='bbox 1743 553 1791 590; x_wconf 85' lang='lat' dir='ltr'>de</span> 
     </span>
     <span class='ocr_line' id='line_1_7' title="bbox 205 615 1792 667; baseline 0 -15"><span class='ocrx_word' id='word_1_62' title='bbox 205 616 334 665; x_wconf 82' lang='lat' dir='ltr'>lingua</span> <span class='ocrx_word' id='word_1_63' title='bbox 353 615 563 665; x_wconf 82' lang='lat' dir='ltr'>peregrina,</span> <span class='ocrx_word' id='word_1_64' title='bbox 592 615 683 659; x_wconf 88' lang='lat' dir='ltr'>luto,</span> <span class='ocrx_word' id='word_1_65' title='bbox 713 620 835 665; x_wconf 88' lang='lat' dir='ltr'>sputo,</span> <span class='ocrx_word' id='word_1_66' title='bbox 864 615 994 660; x_wconf 87' lang='lat' dir='ltr'>cereis,</span> <span class='ocrx_word' id='word_1_67' title='bbox 1024 620 1062 652; x_wconf 91' lang='lat' dir='ltr'>et</span> <span class='ocrx_word' id='word_1_68' title='bbox 1079 615 1209 653; x_wconf 89' lang='lat' dir='ltr'>nescio</span> <span class='ocrx_word' id='word_1_69' title='bbox 1228 615 1363 667; x_wconf 90' lang='lat' dir='ltr'>quibus</span> <span class='ocrx_word' id='word_1_70' title='bbox 1382 617 1465 654; x_wconf 88' lang='lat' dir='ltr'>aliis</span> <span class='ocrx_word' id='word_1_71' title='bbox 1490 617 1599 654; x_wconf 86' lang='lat' dir='ltr'>rebus</span> <span class='ocrx_word' id='word_1_72' title='bbox 1619 616 1658 653; x_wconf 88' lang='lat' dir='ltr'>in</span> <span class='ocrx_word' id='word_1_73' title='bbox 1675 616 1792 653; x_wconf 86' lang='lat' dir='ltr'>sacris</span> 
     </span>
     <span class='ocr_line' id='line_1_8' title="bbox 205 678 1789 731; baseline 0.001 -16"><span class='ocrx_word' id='word_1_74' title='bbox 205 678 266 716; x_wconf 91' lang='lat' dir='ltr'>hic</span> <span class='ocrx_word' id='word_1_75' title='bbox 284 678 482 716; x_wconf 84' lang='lat' dir='ltr'>adhibitis:</span> <span class='ocrx_word' id='word_1_76' title='bbox 513 692 601 716; x_wconf 87' lang='lat' dir='ltr'>nam</span> <span class='ocrx_word' id='word_1_77' title='bbox 619 692 733 716; x_wconf 89' lang='lat' dir='ltr'>unam</span> <span class='ocrx_word' id='word_1_78' title='bbox 757 684 823 716; x_wconf 88' lang='lat' dir='ltr'>aut</span> <span class='ocrx_word' id='word_1_79' title='bbox 843 678 998 716; x_wconf 89' lang='lat' dir='ltr'>alteram</span> <span class='ocrx_word' id='word_1_80' title='bbox 1022 684 1171 716; x_wconf 88' lang='lat' dir='ltr'>tantum</span> <span class='ocrx_word' id='word_1_81' title='bbox 1195 680 1422 718; x_wconf 81' lang='lat' dir='ltr'>sententiam</span> <span class='ocrx_word' id='word_1_82' title='bbox 1445 680 1672 731; x_wconf 89' lang='lat' dir='ltr'>inspiciendi</span> <span class='ocrx_word' id='word_1_83' title='bbox 1697 679 1789 717; x_wconf 89' lang='lat' dir='ltr'>mihi</span> 
     </span>
     <span class='ocr_line' id='line_1_9' title="bbox 205 742 1789 793; baseline 0.001 -13"><span class='ocrx_word' id='word_1_84' title='bbox 205 749 284 780; x_wconf 90' lang='lat' dir='ltr'>tum</span> <span class='ocrx_word' id='word_1_85' title='bbox 321 743 432 793; x_wconf 89' lang='lat' dir='ltr'>copia</span> <span class='ocrx_word' id='word_1_86' title='bbox 463 743 562 780; x_wconf 88' lang='lat' dir='ltr'>facta</span> <span class='ocrx_word' id='word_1_87' title='bbox 581 749 658 781; x_wconf 90' lang='lat' dir='ltr'>est:</span> <span class='ocrx_word' id='word_1_88' title='bbox 688 742 843 793; x_wconf 89' lang='lat' dir='ltr'>hujusce</span> <span class='ocrx_word' id='word_1_89' title='bbox 879 749 1005 780; x_wconf 88' lang='lat' dir='ltr'>autem</span> <span class='ocrx_word' id='word_1_90' title='bbox 1034 744 1193 781; x_wconf 90' lang='lat' dir='ltr'>rumoris</span> <span class='ocrx_word' id='word_1_91' title='bbox 1221 750 1410 783; x_wconf 84' lang='lat' dir='ltr'><strong>auctorem</strong></span> <span class='ocrx_word' id='word_1_92' title='bbox 1438 757 1501 782; x_wconf 91' lang='lat' dir='ltr'>me</span> <span class='ocrx_word' id='word_1_93' title='bbox 1535 759 1615 782; x_wconf 86' lang='lat' dir='ltr'>esse</span> <span class='ocrx_word' id='word_1_94' title='bbox 1647 745 1789 782; x_wconf 87' lang='lat' dir='ltr'>volunt.</span> 
     </span>
     <span class='ocr_line' id='line_1_10' title="bbox 204 805 1790 859; baseline 0.001 -16"><span class='ocrx_word' id='word_1_95' title='bbox 204 806 428 857; x_wconf 85' lang='lat' dir='ltr'>Quanquam</span> <span class='ocrx_word' id='word_1_96' title='bbox 442 813 565 844; x_wconf 87' lang='lat' dir='ltr'>autem</span> <span class='ocrx_word' id='word_1_97' title='bbox 584 806 688 843; x_wconf 87' lang='lat' dir='ltr'>sutile</span> <span class='ocrx_word' id='word_1_98' title='bbox 707 819 856 856; x_wconf 86' lang='lat' dir='ltr'>prorsus</span> <span class='ocrx_word' id='word_1_99' title='bbox 872 805 944 844; x_wconf 88' lang='lat' dir='ltr'>hoc</span> <span class='ocrx_word' id='word_1_100' title='bbox 964 812 1219 844; x_wconf 90' lang='lat' dir='ltr'>commentum</span> <span class='ocrx_word' id='word_1_101' title='bbox 1240 808 1301 853; x_wconf 88' lang='lat' dir='ltr'>sit,</span> <span class='ocrx_word' id='word_1_102' title='bbox 1322 809 1475 859; x_wconf 88' lang='lat' dir='ltr'>ipsaque</span> <span class='ocrx_word' id='word_1_103' title='bbox 1492 810 1707 859; x_wconf 86' lang='lat' dir='ltr'>conjectura</span> <span class='ocrx_word' id='word_1_104' title='bbox 1726 821 1790 845; x_wconf 82' lang='lat' dir='ltr'>sua</span> 
     </span>
     <span class='ocr_line' id='line_1_11' title="bbox 203 871 1789 924; baseline 0.001 -16"><span class='ocrx_word' id='word_1_105' title='bbox 203 876 329 922; x_wconf 90' lang='lat' dir='ltr'>pereat</span> <span class='ocrx_word' id='word_1_106' title='bbox 346 871 511 907; x_wconf 86' lang='lat' dir='ltr'>vanitate</span> <span class='ocrx_word' id='word_1_107' title='bbox 527 885 534 914; x_wconf 92' lang='lat'>;</span> <span class='ocrx_word' id='word_1_108' title='bbox 556 871 733 921; x_wconf 86' lang='lat' dir='ltr'>quoniam</span> <span class='ocrx_word' id='word_1_109' title='bbox 750 876 890 915; x_wconf 85' lang='lat' dir='ltr'>tamen,</span> <span class='ocrx_word' id='word_1_110' title='bbox 910 871 987 908; x_wconf 84' lang='lat' dir='ltr'>sive</span> <span class='ocrx_word' id='word_1_111' title='bbox 1001 871 1138 909; x_wconf 89' lang='lat' dir='ltr'>diaboli</span> <span class='ocrx_word' id='word_1_112' title='bbox 1156 871 1273 924; x_wconf 88' lang='lat' dir='ltr'>ipsius</span> <span class='ocrx_word' id='word_1_113' title='bbox 1289 873 1483 918; x_wconf 89' lang='lat' dir='ltr'>instinctu,</span> <span class='ocrx_word' id='word_1_114' title='bbox 1500 873 1576 911; x_wconf 89' lang='lat' dir='ltr'>sive</span> <span class='ocrx_word' id='word_1_115' title='bbox 1596 874 1682 911; x_wconf 91' lang='lat' dir='ltr'>odio</span> <span class='ocrx_word' id='word_1_116' title='bbox 1698 886 1789 923; x_wconf 88' lang='lat' dir='ltr'>quo-</span> 
     </span>
     <span class='ocr_line' id='line_1_12' title="bbox 201 935 1788 988; baseline 0.001 -16"><span class='ocrx_word' id='word_1_117' title='bbox 201 935 285 973; x_wconf 90' lang='lat' dir='ltr'>dam</span> <span class='ocrx_word' id='word_1_118' title='bbox 305 935 499 972; x_wconf 90' lang='lat' dir='ltr'>hominum</span> <span class='ocrx_word' id='word_1_119' title='bbox 519 948 563 972; x_wconf 87' lang='grc'>30</span> <span class='ocrx_word' id='word_1_120' title='bbox 582 935 855 980; x_wconf 81' lang='lat' dir='ltr'>malevolentia,</span> <span class='ocrx_word' id='word_1_121' title='bbox 877 935 953 973; x_wconf 92' lang='lat' dir='ltr'>sive</span> <span class='ocrx_word' id='word_1_122' title='bbox 967 936 1184 974; x_wconf 85' lang='lat' dir='ltr'>credulitate</span> <span class='ocrx_word' id='word_1_123' title='bbox 1200 937 1431 988; x_wconf 88' lang='lat' dir='ltr'>quorundam</span> <span class='ocrx_word' id='word_1_124' title='bbox 1450 937 1580 982; x_wconf 86' lang='lat' dir='ltr'>nimia,</span> <span class='ocrx_word' id='word_1_125' title='bbox 1595 938 1706 975; x_wconf 91' lang='lat' dir='ltr'>robur</span> <span class='ocrx_word' id='word_1_126' title='bbox 1719 938 1788 974; x_wconf 80' lang='lat' dir='ltr'>sibi</span> 
     </span>
     <span class='ocr_line' id='line_1_13' title="bbox 202 999 1790 1053; baseline 0.001 -16"><span class='ocrx_word' id='word_1_127' title='bbox 202 999 384 1049; x_wconf 89' lang='lat' dir='ltr'>fidemque</span> <span class='ocrx_word' id='word_1_128' title='bbox 404 999 457 1036; x_wconf 89' lang='lat' dir='ltr'>ita</span> <span class='ocrx_word' id='word_1_129' title='bbox 475 999 682 1050; x_wconf 90' lang='lat' dir='ltr'>acquisivit,</span> <span class='ocrx_word' id='word_1_130' title='bbox 711 1005 753 1037; x_wconf 87' lang='lat' dir='ltr'>ut</span> <span class='ocrx_word' id='word_1_131' title='bbox 772 1012 846 1050; x_wconf 81' lang='lat' dir='ltr'>ego</span> <span class='ocrx_word' id='word_1_132' title='bbox 866 1000 1010 1038; x_wconf 89' lang='lat' dir='ltr'>interea</span> <span class='ocrx_word' id='word_1_133' title='bbox 1032 1000 1137 1051; x_wconf 80' lang='lat' dir='ltr'>gravi</span> <span class='ocrx_word' id='word_1_134' title='bbox 1166 1001 1377 1052; x_wconf 85' lang='lat' dir='ltr'>suspicione</span> <span class='ocrx_word' id='word_1_135' title='bbox 1401 1001 1567 1039; x_wconf 88' lang='lat' dir='ltr'>laborem</span> <span class='ocrx_word' id='word_1_136' title='bbox 1588 1001 1685 1053; x_wconf 85' lang='lat' dir='ltr'>apud</span> <span class='ocrx_word' id='word_1_137' title='bbox 1713 1015 1790 1046; x_wconf 85' lang='lat' dir='ltr'>eos,</span> 
     </span>
     <span class='ocr_line' id='line_1_14' title="bbox 202 1063 1787 1116; baseline 0.002 -16"><span class='ocrx_word' id='word_1_138' title='bbox 202 1077 295 1114; x_wconf 79' lang='lat' dir='ltr'>quos</span> <span class='ocrx_word' id='word_1_139' title='bbox 319 1076 385 1113; x_wconf 89' lang='lat' dir='ltr'>per</span> <span class='ocrx_word' id='word_1_140' title='bbox 406 1063 549 1114; x_wconf 87' lang='lat' dir='ltr'>aliquot</span> <span class='ocrx_word' id='word_1_141' title='bbox 573 1064 653 1114; x_wconf 87' lang='lat' dir='ltr'>jam</span> <span class='ocrx_word' id='word_1_142' title='bbox 680 1076 800 1101; x_wconf 88' lang='lat' dir='ltr'>annos</span> <span class='ocrx_word' id='word_1_143' title='bbox 821 1070 1012 1115; x_wconf 86' lang='lat' dir='ltr'>tamquam</span> <span class='ocrx_word' id='word_1_144' title='bbox 1035 1065 1176 1103; x_wconf 88' lang='lat' dir='ltr'>amicos</span> <span class='ocrx_word' id='word_1_145' title='bbox 1196 1065 1405 1116; x_wconf 85' lang='lat' dir='ltr'>fratresque</span> <span class='ocrx_word' id='word_1_146' title='bbox 1434 1065 1473 1102; x_wconf 89' lang='lat' dir='ltr'>in</span> <span class='ocrx_word' id='word_1_147' title='bbox 1501 1064 1655 1103; x_wconf 82' lang='lat' dir='ltr'>Christo</span> <span class='ocrx_word' id='word_1_148' title='bbox 1685 1079 1787 1103; x_wconf 88' lang='lat' dir='ltr'>com-</span> 
     </span>
     <span class='ocr_line' id='line_1_15' title="bbox 200 1128 1788 1181; baseline 0.002 -16"><span class='ocrx_word' id='word_1_149' title='bbox 200 1129 332 1179; x_wconf 81' lang='lat' dir='ltr'>plexus</span> <span class='ocrx_word' id='word_1_150' title='bbox 351 1141 446 1173; x_wconf 86' lang='lat' dir='ltr'>sum,</span> <span class='ocrx_word' id='word_1_151' title='bbox 475 1128 695 1178; x_wconf 78' lang='lat' dir='ltr'>quibuscum</span> <span class='ocrx_word' id='word_1_152' title='bbox 715 1128 828 1166; x_wconf 90' lang='lat' dir='ltr'>etiam</span> <span class='ocrx_word' id='word_1_153' title='bbox 849 1128 1036 1181; x_wconf 89' lang='lat' dir='ltr'>deinceps,</span> <span class='ocrx_word' id='word_1_154' title='bbox 1055 1136 1237 1181; x_wconf 87' lang='lat' dir='ltr'>quantum</span> <span class='ocrx_word' id='word_1_155' title='bbox 1258 1130 1297 1167; x_wconf 91' lang='lat' dir='ltr'>in</span> <span class='ocrx_word' id='word_1_156' title='bbox 1315 1143 1376 1167; x_wconf 89' lang='lat' dir='ltr'>me</span> <span class='ocrx_word' id='word_1_157' title='bbox 1396 1136 1465 1175; x_wconf 90' lang='lat' dir='ltr'>est,</span> <span class='ocrx_word' id='word_1_158' title='bbox 1491 1130 1647 1181; x_wconf 85' lang='lat' dir='ltr'>pacifice</span> <span class='ocrx_word' id='word_1_159' title='bbox 1665 1130 1788 1168; x_wconf 85' lang='lat' dir='ltr'>vivere</span> 
     </span>
     <span class='ocr_line' id='line_1_16' title="bbox 201 1192 1787 1246; baseline 0.001 -17"><span class='ocrx_word' id='word_1_160' title='bbox 201 1192 333 1243; x_wconf 89' lang='lat' dir='ltr'>cupi0;</span> <span class='ocrx_word' id='word_1_161' title='bbox 362 1198 557 1243; x_wconf 87' lang='lat' dir='ltr'>propterea</span> <span class='ocrx_word' id='word_1_162' title='bbox 582 1193 629 1230; x_wconf 88' lang='lat' dir='ltr'>ad</span> <span class='ocrx_word' id='word_1_163' title='bbox 653 1193 763 1231; x_wconf 90' lang='lat' dir='ltr'>fidem</span> <span class='ocrx_word' id='word_1_164' title='bbox 783 1199 886 1231; x_wconf 86' lang='lat' dir='ltr'>tuam</span> <span class='ocrx_word' id='word_1_165' title='bbox 905 1193 978 1232; x_wconf 92' lang='lat' dir='ltr'>hoc</span> <span class='ocrx_word' id='word_1_166' title='bbox 995 1199 1163 1245; x_wconf 89' lang='lat' dir='ltr'>tempore</span> <span class='ocrx_word' id='word_1_167' title='bbox 1191 1194 1395 1245; x_wconf 84' lang='lat' dir='ltr'>confugere</span> <span class='ocrx_word' id='word_1_168' title='bbox 1421 1207 1549 1246; x_wconf 87' lang='lat' dir='ltr'>cogor,</span> <span class='ocrx_word' id='word_1_169' title='bbox 1581 1200 1633 1240; x_wconf 89' lang='lat' dir='ltr'>ut,</span> <span class='ocrx_word' id='word_1_170' title='bbox 1655 1207 1727 1245; x_wconf 89' lang='lat' dir='ltr'>qua</span> <span class='ocrx_word' id='word_1_171' title='bbox 1746 1208 1787 1232; x_wconf 78' lang='lat' dir='ltr'>es</span> 
     </span>
     <span class='ocr_line' id='line_1_17' title="bbox 200 1257 1787 1308; baseline 0.001 -14"><span class='ocrx_word' id='word_1_172' title='bbox 200 1257 339 1308; x_wconf 90' lang='lat' dir='ltr'>pietate</span> <span class='ocrx_word' id='word_1_173' title='bbox 373 1270 416 1295; x_wconf 86' lang='lat' dir='ltr'>ac</span> <span class='ocrx_word' id='word_1_174' title='bbox 454 1258 704 1295; x_wconf 87' lang='lat' dir='ltr'>sanctimonia</span> <span class='ocrx_word' id='word_1_175' title='bbox 735 1258 931 1308; x_wconf 79' lang='lat' dir='ltr'>praeditus,</span> <span class='ocrx_word' id='word_1_176' title='bbox 960 1259 1180 1296; x_wconf 88' lang='lat' dir='ltr'>testimonio</span> <span class='ocrx_word' id='word_1_177' title='bbox 1210 1264 1276 1296; x_wconf 92' lang='lat' dir='ltr'>tuo</span> <span class='ocrx_word' id='word_1_178' title='bbox 1312 1259 1567 1297; x_wconf 85' lang='lat' dir='ltr'>innocentiam</span> <span class='ocrx_word' id='word_1_179' title='bbox 1604 1271 1727 1296; x_wconf 90' lang='lat' dir='ltr'>meam</span> <span class='ocrx_word' id='word_1_180' title='bbox 1765 1272 1787 1296; x_wconf 87' lang='lat' dir='ltr'>a</span> 
     </span>
     <span class='ocr_line' id='line_1_18' title="bbox 198 1321 1787 1374; baseline 0.001 -15"><span class='ocrx_word' id='word_1_181' title='bbox 198 1322 458 1359; x_wconf 89' lang='lat' dir='ltr'>maledicentia</span> <span class='ocrx_word' id='word_1_182' title='bbox 475 1321 654 1360; x_wconf 88' lang='lat' dir='ltr'>vindices.</span> <span class='ocrx_word' id='word_1_183' title='bbox 712 1322 893 1360; x_wconf 91' lang='lat' dir='ltr'>Oblivisci</span> <span class='ocrx_word' id='word_1_184' title='bbox 911 1322 1019 1360; x_wconf 88' lang='lat' dir='ltr'>facile</span> <span class='ocrx_word' id='word_1_185' title='bbox 1037 1336 1112 1361; x_wconf 93' lang='lat' dir='ltr'>non</span> <span class='ocrx_word' id='word_1_186' title='bbox 1128 1329 1251 1374; x_wconf 89' lang='lat' dir='ltr'>potes,</span> <span class='ocrx_word' id='word_1_187' title='bbox 1270 1324 1479 1362; x_wconf 88' lang='lat' dir='ltr'>venerande</span> <span class='ocrx_word' id='word_1_188' title='bbox 1496 1324 1563 1369; x_wconf 91' lang='lat' dir='ltr'>vir,</span> <span class='ocrx_word' id='word_1_189' title='bbox 1589 1324 1634 1361; x_wconf 86' lang='lat' dir='ltr'>de</span> <span class='ocrx_word' id='word_1_190' title='bbox 1653 1323 1787 1374; x_wconf 90' lang='lat' dir='ltr'>quibus</span> 
     </span>
     <span class='ocr_line' id='line_1_19' title="bbox 201 1386 1786 1438; baseline 0.001 -15"><span class='ocrx_word' id='word_1_191' title='bbox 201 1400 273 1437; x_wconf 83' lang='lat' dir='ltr'>ego</span> <span class='ocrx_word' id='word_1_192' title='bbox 291 1386 474 1437; x_wconf 87' lang='lat' dir='ltr'>capitibus</span> <span class='ocrx_word' id='word_1_193' title='bbox 492 1386 531 1423; x_wconf 91' lang='lat' dir='ltr'>in</span> <span class='ocrx_word' id='word_1_194' title='bbox 550 1386 714 1424; x_wconf 85' lang='lat' dir='ltr'>articulis</span> <span class='ocrx_word' id='word_1_195' title='bbox 730 1392 884 1438; x_wconf 89' lang='lat' dir='ltr'>questus</span> <span class='ocrx_word' id='word_1_196' title='bbox 904 1387 994 1431; x_wconf 90' lang='lat' dir='ltr'>sim;</span> <span class='ocrx_word' id='word_1_197' title='bbox 1018 1393 1059 1425; x_wconf 91' lang='lat' dir='ltr'>ut</span> <span class='ocrx_word' id='word_1_198' title='bbox 1077 1387 1232 1425; x_wconf 90' lang='lat' dir='ltr'>minime</span> <span class='ocrx_word' id='word_1_199' title='bbox 1251 1401 1346 1438; x_wconf 88' lang='lat' dir='ltr'>opus</span> <span class='ocrx_word' id='word_1_200' title='bbox 1365 1388 1476 1426; x_wconf 89' lang='lat' dir='ltr'>fuerit</span> <span class='ocrx_word' id='word_1_201' title='bbox 1494 1388 1662 1438; x_wconf 81' lang='lat' dir='ltr'>linguam</span> <span class='ocrx_word' id='word_1_202' title='bbox 1681 1401 1786 1438; x_wconf 85' lang='lat' dir='ltr'>perc-</span> 
     </span>
     <span class='ocr_line' id='line_1_20' title="bbox 201 1450 1783 1505; baseline 0.001 -17"><span class='ocrx_word' id='word_1_203' title='bbox 201 1451 359 1502; x_wconf 84' lang='lat' dir='ltr'>grinam,</span> <span class='ocrx_word' id='word_1_204' title='bbox 379 1451 513 1496; x_wconf 87' lang='lat' dir='ltr'>lutum,</span> <span class='ocrx_word' id='word_1_205' title='bbox 534 1457 698 1501; x_wconf 87' lang='lat' dir='ltr'>sputum,</span> <span class='ocrx_word' id='word_1_206' title='bbox 718 1464 860 1494; x_wconf 85' lang='grc'>001005,</span> <span class='ocrx_word' id='word_1_207' title='bbox 880 1451 1026 1502; x_wconf 86' lang='lat' dir='ltr'>aliaque</span> <span class='ocrx_word' id='word_1_208' title='bbox 1049 1450 1223 1505; x_wconf 74' lang='grc' dir='ltr'>πάρεργα</span> <span class='ocrx_word' id='word_1_209' title='bbox 1242 1452 1289 1489; x_wconf 90' lang='lat' dir='ltr'>ad</span> <span class='ocrx_word' id='word_1_210' title='bbox 1314 1452 1529 1503; x_wconf 86' lang='lat' dir='ltr'>augendum</span> <span class='ocrx_word' id='word_1_211' title='bbox 1554 1452 1624 1489; x_wconf 91' lang='lat' dir='ltr'>hoc</span> <span class='ocrx_word' id='word_1_212' title='bbox 1645 1453 1783 1489; x_wconf 88' lang='lat' dir='ltr'>malum</span> 
     </span>
     <span class='ocr_line' id='line_1_21' title="bbox 200 1515 1786 1555; baseline -0.001 -1"><span class='ocrx_word' id='word_1_213' title='bbox 200 1516 400 1554; x_wconf 83' lang='lat' dir='ltr'>corradere.</span> <span class='ocrx_word' id='word_1_214' title='bbox 456 1515 614 1553; x_wconf 89' lang='lat' dir='ltr'>Utinam</span> <span class='ocrx_word' id='word_1_215' title='bbox 644 1516 692 1553; x_wconf 85' lang='lat' dir='ltr'>ab</span> <span class='ocrx_word' id='word_1_216' title='bbox 720 1516 802 1554; x_wconf 88' lang='lat' dir='ltr'>aliis</span> <span class='ocrx_word' id='word_1_217' title='bbox 828 1516 1003 1554; x_wconf 84' lang='lat' dir='ltr'>oneribus</span> <span class='ocrx_word' id='word_1_218' title='bbox 1032 1530 1076 1554; x_wconf 90' lang='grc'>30</span> <span class='ocrx_word' id='word_1_219' title='bbox 1106 1517 1261 1555; x_wconf 83' lang='grc'>1113011115</span> <span class='ocrx_word' id='word_1_220' title='bbox 1287 1523 1365 1555; x_wconf 90' lang='lat' dir='ltr'>tam</span> <span class='ocrx_word' id='word_1_221' title='bbox 1390 1523 1488 1555; x_wconf 90' lang='lat' dir='ltr'>esset</span> <span class='ocrx_word' id='word_1_222' title='bbox 1513 1517 1598 1554; x_wconf 86' lang='lat' dir='ltr'>haec</span> <span class='ocrx_word' id='word_1_223' title='bbox 1627 1516 1786 1554; x_wconf 83' lang='lat' dir='ltr'>ecelesia</span> 
     </span>
     <span class='ocr_line' id='line_1_22' title="bbox 198 1579 1784 1633; baseline 0.001 -17"><span class='ocrx_word' id='word_1_224' title='bbox 198 1580 327 1625; x_wconf 86' lang='lat' dir='ltr'>libera,</span> <span class='ocrx_word' id='word_1_225' title='bbox 347 1592 457 1630; x_wconf 86' lang='lat' dir='ltr'>quam</span> <span class='ocrx_word' id='word_1_226' title='bbox 478 1579 551 1617; x_wconf 90' lang='lat' dir='ltr'>Dei</span> <span class='ocrx_word' id='word_1_227' title='bbox 570 1580 690 1630; x_wconf 83' lang='lat' dir='ltr'>gratia</span> <span class='ocrx_word' id='word_1_228' title='bbox 708 1580 754 1617; x_wconf 87' lang='lat' dir='ltr'>ab</span> <span class='ocrx_word' id='word_1_229' title='bbox 774 1579 834 1617; x_wconf 92' lang='lat' dir='ltr'>his</span> <span class='ocrx_word' id='word_1_230' title='bbox 853 1580 960 1618; x_wconf 90' lang='lat' dir='ltr'>malis</span> <span class='ocrx_word' id='word_1_231' title='bbox 979 1586 1037 1618; x_wconf 89' lang='lat' dir='ltr'>est</span> <span class='ocrx_word' id='word_1_232' title='bbox 1054 1580 1198 1618; x_wconf 87' lang='lat' dir='ltr'>aliena!</span> <span class='ocrx_word' id='word_1_233' title='bbox 1228 1594 1306 1619; x_wconf 93' lang='lat' dir='ltr'>non</span> <span class='ocrx_word' id='word_1_234' title='bbox 1324 1587 1402 1619; x_wconf 89' lang='lat' dir='ltr'>tam</span> <span class='ocrx_word' id='word_1_235' title='bbox 1412 1582 1517 1633; x_wconf 88' lang='lat' dir='ltr'>justa</span> <span class='ocrx_word' id='word_1_236' title='bbox 1533 1586 1614 1618; x_wconf 89' lang='lat' dir='ltr'>tum</span> <span class='ocrx_word' id='word_1_237' title='bbox 1634 1580 1784 1632; x_wconf 88' lang='lat' dir='ltr'>quidem</span> 
     </span>
     <span class='ocr_line' id='line_1_23' title="bbox 200 1645 1643 1696; baseline -0.001 -14"><span class='ocrx_word' id='word_1_238' title='bbox 200 1649 298 1682; x_wconf 90' lang='lat' dir='ltr'>certe</span> <span class='ocrx_word' id='word_1_239' title='bbox 327 1650 423 1682; x_wconf 89' lang='lat' dir='ltr'>esset</span> <span class='ocrx_word' id='word_1_240' title='bbox 452 1645 598 1695; x_wconf 89' lang='lat' dir='ltr'>piorum</span> <span class='ocrx_word' id='word_1_241' title='bbox 626 1645 872 1696; x_wconf 88' lang='lat' dir='ltr'>querimonia,</span> <span class='ocrx_word' id='word_1_242' title='bbox 901 1658 1013 1696; x_wconf 91' lang='lat' dir='ltr'>quam</span> <span class='ocrx_word' id='word_1_243' title='bbox 1043 1651 1100 1682; x_wconf 91' lang='lat' dir='ltr'>est</span> <span class='ocrx_word' id='word_1_244' title='bbox 1126 1645 1250 1690; x_wconf 89' lang='lat' dir='ltr'>hodie,</span> <span class='ocrx_word' id='word_1_245' title='bbox 1279 1645 1397 1683; x_wconf 85' lang='lat' dir='ltr'>eheu!</span> <span class='ocrx_word' id='word_1_246' title='bbox 1422 1645 1643 1695; x_wconf 87' lang='lat' dir='ltr'>justissima.</span> 
     </span>
     <span class='ocr_line' id='line_1_24' title="bbox 279 1708 1783 1760; baseline 0 -14"><span class='ocrx_word' id='word_1_247' title='bbox 279 1709 405 1746; x_wconf 89' lang='lat' dir='ltr'>Meam</span> <span class='ocrx_word' id='word_1_248' title='bbox 435 1708 474 1745; x_wconf 91' lang='lat' dir='ltr'>in</span> <span class='ocrx_word' id='word_1_249' title='bbox 500 1708 569 1747; x_wconf 87' lang='lat' dir='ltr'>hac</span> <span class='ocrx_word' id='word_1_250' title='bbox 598 1709 782 1760; x_wconf 84' lang='lat' dir='ltr'>petitione</span> <span class='ocrx_word' id='word_1_251' title='bbox 813 1709 1022 1746; x_wconf 85' lang='lat' dir='ltr'>libertatem</span> <span class='ocrx_word' id='word_1_252' title='bbox 1056 1709 1156 1760; x_wconf 81' lang='lat' dir='ltr'>aequi</span> <span class='ocrx_word' id='word_1_253' title='bbox 1184 1710 1275 1747; x_wconf 91' lang='lat' dir='ltr'>boni</span> <span class='ocrx_word' id='word_1_254' title='bbox 1293 1709 1477 1754; x_wconf 89' lang='grc'>0011511105,</span> <span class='ocrx_word' id='word_1_255' title='bbox 1509 1709 1539 1746; x_wconf 88' lang='grc'>51</span> <span class='ocrx_word' id='word_1_256' title='bbox 1569 1708 1783 1746; x_wconf 81' lang='lat' dir='ltr'>consideres</span> 
     </span>
     <span class='ocr_line' id='line_1_25' title="bbox 199 1772 1783 1825; baseline 0 -16"><span class='ocrx_word' id='word_1_257' title='bbox 199 1772 371 1824; x_wconf 87' lang='lat' dir='ltr'>primum,</span> <span class='ocrx_word' id='word_1_258' title='bbox 394 1785 518 1810; x_wconf 87' lang='lat' dir='ltr'>meum</span> <span class='ocrx_word' id='word_1_259' title='bbox 547 1773 592 1810; x_wconf 91' lang='lat' dir='ltr'>de</span> <span class='ocrx_word' id='word_1_260' title='bbox 619 1787 679 1811; x_wconf 90' lang='lat' dir='ltr'>me</span> <span class='ocrx_word' id='word_1_261' title='bbox 706 1774 788 1824; x_wconf 89' lang='lat' dir='ltr'>ipso</span> <span class='ocrx_word' id='word_1_262' title='bbox 812 1773 883 1811; x_wconf 87' lang='lat' dir='ltr'>hac</span> <span class='ocrx_word' id='word_1_263' title='bbox 912 1774 951 1811; x_wconf 92' lang='lat' dir='ltr'>in</span> <span class='ocrx_word' id='word_1_264' title='bbox 974 1787 1013 1811; x_wconf 86' lang='lat' dir='ltr'>re</span> <span class='ocrx_word' id='word_1_265' title='bbox 1040 1773 1298 1811; x_wconf 88' lang='lat' dir='ltr'>testimonium</span> <span class='ocrx_word' id='word_1_266' title='bbox 1325 1773 1534 1825; x_wconf 88' lang='lat' dir='ltr'>(utcunque</span> <span class='ocrx_word' id='word_1_267' title='bbox 1560 1773 1717 1823; x_wconf 82' lang='lat' dir='ltr'>simplex</span> <span class='ocrx_word' id='word_1_268' title='bbox 1745 1779 1783 1809; x_wconf 89' lang='lat' dir='ltr'>et</span> 
     </span>
     <span class='ocr_line' id='line_1_26' title="bbox 199 1836 1783 1889; baseline -0.001 -14"><span class='ocrx_word' id='word_1_269' title='bbox 199 1836 347 1888; x_wconf 90' lang='lat' dir='ltr'>verum)</span> <span class='ocrx_word' id='word_1_270' title='bbox 384 1850 460 1874; x_wconf 91' lang='lat' dir='ltr'>non</span> <span class='ocrx_word' id='word_1_271' title='bbox 491 1838 598 1875; x_wconf 87' lang='lat' dir='ltr'>facile</span> <span class='ocrx_word' id='word_1_272' title='bbox 628 1838 796 1888; x_wconf 88' lang='lat' dir='ltr'>probari;</span> <span class='ocrx_word' id='word_1_273' title='bbox 831 1838 974 1882; x_wconf 89' lang='lat' dir='ltr'>deinde,</span> <span class='ocrx_word' id='word_1_274' title='bbox 1009 1851 1171 1889; x_wconf 88' lang='lat' dir='ltr'>eousque</span> <span class='ocrx_word' id='word_1_275' title='bbox 1207 1851 1288 1876; x_wconf 91' lang='lat' dir='ltr'>esse</span> <span class='ocrx_word' id='word_1_276' title='bbox 1320 1837 1550 1889; x_wconf 88' lang='lat' dir='ltr'>quorundam</span> <span class='ocrx_word' id='word_1_277' title='bbox 1573 1837 1783 1874; x_wconf 80' lang='lat' dir='ltr'>temeritate</span> 
     </span>
     <span class='ocr_line' id='line_1_27' title="bbox 199 1901 1782 1953; baseline -0.001 -13"><span class='ocrx_word' id='word_1_278' title='bbox 199 1916 243 1940; x_wconf 93' lang='grc'>30</span> <span class='ocrx_word' id='word_1_279' title='bbox 270 1902 513 1952; x_wconf 82' lang='lat' dir='ltr'>incogitantia</span> <span class='ocrx_word' id='word_1_280' title='bbox 538 1915 790 1953; x_wconf 82' lang='lat' dir='ltr'>progressum,</span> <span class='ocrx_word' id='word_1_281' title='bbox 814 1908 856 1940; x_wconf 90' lang='lat' dir='ltr'>ut</span> <span class='ocrx_word' id='word_1_282' title='bbox 878 1903 1097 1953; x_wconf 89' lang='lat' dir='ltr'>quibusdam</span> <span class='ocrx_word' id='word_1_283' title='bbox 1120 1916 1166 1940; x_wconf 80' lang='lat' dir='ltr'>ex</span> <span class='ocrx_word' id='word_1_284' title='bbox 1193 1903 1348 1940; x_wconf 90' lang='lat' dir='ltr'>summis</span> <span class='ocrx_word' id='word_1_285' title='bbox 1378 1902 1488 1953; x_wconf 91' lang='lat' dir='ltr'>hujus</span> <span class='ocrx_word' id='word_1_286' title='bbox 1511 1901 1620 1952; x_wconf 84' lang='lat' dir='ltr'>regni</span> <span class='ocrx_word' id='word_1_287' title='bbox 1645 1902 1782 1952; x_wconf 84' lang='lat' dir='ltr'>magis-</span> 
     </span>
     <span class='ocr_line' id='line_1_28' title="bbox 198 1966 1783 2018; baseline 0 -15"><span class='ocrx_word' id='word_1_288' title='bbox 198 1966 353 2004; x_wconf 88' lang='lat' dir='ltr'>tratibus</span> <span class='ocrx_word' id='word_1_289' title='bbox 381 1979 441 2003; x_wconf 90' lang='lat' dir='ltr'>res</span> <span class='ocrx_word' id='word_1_290' title='bbox 474 1966 522 2003; x_wconf 91' lang='lat' dir='ltr'>sit</span> <span class='ocrx_word' id='word_1_291' title='bbox 551 1967 758 2018; x_wconf 88' lang='lat' dir='ltr'>patefacta;</span> <span class='ocrx_word' id='word_1_292' title='bbox 794 1980 945 2004; x_wconf 87' lang='lat' dir='ltr'>causam</span> <span class='ocrx_word' id='word_1_293' title='bbox 976 1966 1135 2017; x_wconf 89' lang='lat' dir='ltr'>denique</span> <span class='ocrx_word' id='word_1_294' title='bbox 1162 1967 1430 2011; x_wconf 86' lang='lat' dir='ltr'>ministrorum,</span> <span class='ocrx_word' id='word_1_295' title='bbox 1459 1966 1598 2004; x_wconf 86' lang='lat' dir='ltr'>bonam</span> <span class='ocrx_word' id='word_1_296' title='bbox 1626 1966 1719 2003; x_wconf 88' lang='lat' dir='ltr'>alias</span> <span class='ocrx_word' id='word_1_297' title='bbox 1745 1972 1783 2003; x_wconf 89' lang='lat' dir='ltr'>et</span> 
     </span>
     <span class='ocr_line' id='line_1_29' title="bbox 199 2029 1780 2082; baseline -0.001 -14"><span class='ocrx_word' id='word_1_298' title='bbox 199 2036 379 2076; x_wconf 83' lang='lat' dir='ltr'>sanctam,</span> <span class='ocrx_word' id='word_1_299' title='bbox 401 2030 473 2068; x_wconf 91' lang='lat' dir='ltr'>hoc</span> <span class='ocrx_word' id='word_1_300' title='bbox 499 2037 687 2082; x_wconf 80' lang='lat' dir='ltr'>praetextu</span> <span class='ocrx_word' id='word_1_301' title='bbox 714 2031 811 2082; x_wconf 88' lang='lat' dir='ltr'>apud</span> <span class='ocrx_word' id='word_1_302' title='bbox 837 2031 976 2069; x_wconf 89' lang='lat' dir='ltr'>multos</span> <span class='ocrx_word' id='word_1_303' title='bbox 995 2031 1091 2068; x_wconf 89' lang='lat' dir='ltr'>male</span> <span class='ocrx_word' id='word_1_304' title='bbox 1116 2031 1263 2075; x_wconf 88' lang='lat' dir='ltr'>audire;</span> <span class='ocrx_word' id='word_1_305' title='bbox 1288 2044 1362 2082; x_wconf 89' lang='lat' dir='ltr'>quo</span> <span class='ocrx_word' id='word_1_306' title='bbox 1381 2031 1436 2076; x_wconf 88' lang='lat' dir='ltr'>fit,</span> <span class='ocrx_word' id='word_1_307' title='bbox 1455 2036 1497 2068; x_wconf 88' lang='lat' dir='ltr'>ut</span> <span class='ocrx_word' id='word_1_308' title='bbox 1516 2030 1651 2068; x_wconf 84' lang='lat' dir='ltr'>abusus</span> <span class='ocrx_word' id='word_1_309' title='bbox 1668 2029 1780 2067; x_wconf 86' lang='lat' dir='ltr'>hodie</span> 
     </span>
     <span class='ocr_line' id='line_1_30' title="bbox 198 2094 1781 2146; baseline -0.001 -14"><span class='ocrx_word' id='word_1_310' title='bbox 198 2094 366 2132; x_wconf 83' lang='lat' dir='ltr'>haereant</span> <span class='ocrx_word' id='word_1_311' title='bbox 383 2108 425 2132; x_wconf 86' lang='lat' dir='ltr'>ac</span> <span class='ocrx_word' id='word_1_312' title='bbox 443 2095 674 2133; x_wconf 87' lang='lat' dir='ltr'>retineantur</span> <span class='ocrx_word' id='word_1_313' title='bbox 689 2095 926 2146; x_wconf 88' lang='lat' dir='ltr'>pertinacius,</span> <span class='ocrx_word' id='word_1_314' title='bbox 953 2095 1148 2146; x_wconf 87' lang='lat' dir='ltr'>omnisque</span> <span class='ocrx_word' id='word_1_315' title='bbox 1164 2095 1441 2133; x_wconf 86' lang='lat' dir='ltr'>reformationis</span> <span class='ocrx_word' id='word_1_316' title='bbox 1466 2107 1550 2145; x_wconf 86' lang='lat' dir='ltr'>spes</span> <span class='ocrx_word' id='word_1_317' title='bbox 1572 2107 1666 2144; x_wconf 87' lang='lat' dir='ltr'>pene</span> <span class='ocrx_word' id='word_1_318' title='bbox 1684 2107 1781 2144; x_wconf 76' lang='lat' dir='ltr'>prae-</span> 
     </span>
     <span class='ocr_line' id='line_1_31' title="bbox 194 2158 1780 2212; baseline -0.001 -16"><span class='ocrx_word' id='word_1_319' title='bbox 194 2158 416 2208; x_wconf 76' lang='lat' dir='ltr'>judicaturl.</span> <span class='ocrx_word' id='word_1_320' title='bbox 472 2159 572 2197; x_wconf 88' lang='lat' dir='ltr'>Nam</span> <span class='ocrx_word' id='word_1_321' title='bbox 594 2159 861 2212; x_wconf 82' lang='lat' dir='ltr'>(praeterquam</span> <span class='ocrx_word' id='word_1_322' title='bbox 886 2160 986 2211; x_wconf 87' lang='lat' dir='ltr'>quod</span> <span class='ocrx_word' id='word_1_323' title='bbox 1009 2159 1121 2197; x_wconf 82' lang='lat' dir='ltr'>avitae</span> <span class='ocrx_word' id='word_1_324' title='bbox 1148 2159 1428 2211; x_wconf 87' lang='lat' dir='ltr'>superstitiones</span> <span class='ocrx_word' id='word_1_325' title='bbox 1452 2173 1495 2197; x_wconf 91' lang='lat' dir='ltr'>ac</span> <span class='ocrx_word' id='word_1_326' title='bbox 1519 2158 1687 2209; x_wconf 83' lang='lat' dir='ltr'>reliquiae</span> <span class='ocrx_word' id='word_1_327' title='bbox 1715 2171 1780 2208; x_wconf 79' lang='lat' dir='ltr'>pa-</span> 
     </span>
     <span class='ocr_line' id='line_1_32' title="bbox 199 2223 1783 2275; baseline -0.001 -15"><span class='ocrx_word' id='word_1_328' title='bbox 199 2223 346 2274; x_wconf 65' lang='lat' dir='ltr'>pisticze</span> <span class='ocrx_word' id='word_1_329' title='bbox 371 2237 480 2274; x_wconf 90' lang='lat' dir='ltr'>quam</span> <span class='ocrx_word' id='word_1_330' title='bbox 501 2224 669 2274; x_wconf 90' lang='lat' dir='ltr'>plurimis</span> <span class='ocrx_word' id='word_1_331' title='bbox 694 2224 755 2262; x_wconf 91' lang='grc'>1110</span> <span class='ocrx_word' id='word_1_332' title='bbox 776 2224 932 2262; x_wconf 89' lang='lat' dir='ltr'>nimium</span> <span class='ocrx_word' id='word_1_333' title='bbox 956 2223 1117 2274; x_wconf 85' lang='lat' dir='ltr'>placent,</span> <span class='ocrx_word' id='word_1_334' title='bbox 1146 2237 1192 2261; x_wconf 90' lang='lat' dir='ltr'>ex</span> <span class='ocrx_word' id='word_1_335' title='bbox 1214 2224 1352 2262; x_wconf 88' lang='lat' dir='ltr'>nostris</span> <span class='ocrx_word' id='word_1_336' title='bbox 1378 2234 1527 2275; x_wconf 91' lang='lat' dir='ltr'>quoque</span> <span class='ocrx_word' id='word_1_337' title='bbox 1551 2223 1783 2273; x_wconf 79' lang='lat' dir='ltr'>reperiuntur</span> 
     </span>
     <span class='ocr_line' id='line_1_33' title="bbox 197 2285 1779 2339; baseline -0.001 -15"><span class='ocrx_word' id='word_1_338' title='bbox 197 2287 340 2324; x_wconf 87' lang='lat' dir='ltr'>illarum</span> <span class='ocrx_word' id='word_1_339' title='bbox 368 2288 529 2337; x_wconf 84' lang='lat' dir='ltr'>patroni,</span> <span class='ocrx_word' id='word_1_340' title='bbox 555 2288 617 2339; x_wconf 90' lang='lat' dir='ltr'>qui</span> <span class='ocrx_word' id='word_1_341' title='bbox 645 2288 945 2326; x_wconf 86' lang='lat' dir='ltr'>doctissimorum</span> <span class='ocrx_word' id='word_1_342' title='bbox 973 2288 1133 2325; x_wconf 90' lang='lat' dir='ltr'>virorum</span> <span class='ocrx_word' id='word_1_343' title='bbox 1156 2288 1308 2338; x_wconf 86' lang='lat' dir='ltr'>scripta,</span> <span class='ocrx_word' id='word_1_344' title='bbox 1332 2294 1468 2339; x_wconf 88' lang='lat' dir='ltr'>tuaque</span> <span class='ocrx_word' id='word_1_345' title='bbox 1490 2286 1684 2338; x_wconf 87' lang='lat' dir='ltr'>imprimis,</span> <span class='ocrx_word' id='word_1_346' title='bbox 1708 2285 1779 2323; x_wconf 79' lang='lat' dir='ltr'>hue</span> 
     </span>
     <span class='ocr_line' id='line_1_34' title="bbox 200 2350 1779 2403; baseline 0 -16"><span class='ocrx_word' id='word_1_347' title='bbox 200 2350 452 2402; x_wconf 85' lang='lat' dir='ltr'>detorquent,)</span> <span class='ocrx_word' id='word_1_348' title='bbox 468 2352 499 2389; x_wconf 89' lang='lat' dir='ltr'>si</span> <span class='ocrx_word' id='word_1_349' title='bbox 510 2352 647 2389; x_wconf 87' lang='lat' dir='ltr'>falsarii</span> <span class='ocrx_word' id='word_1_350' title='bbox 665 2353 780 2390; x_wconf 91' lang='lat' dir='ltr'>semel</span> <span class='ocrx_word' id='word_1_351' title='bbox 795 2351 1114 2402; x_wconf 87' lang='lat' dir='ltr'>deprehendantur</span> <span class='ocrx_word' id='word_1_352' title='bbox 1123 2352 1255 2403; x_wconf 91' lang='lat' dir='ltr'>reliqui</span> <span class='ocrx_word' id='word_1_353' title='bbox 1273 2352 1446 2398; x_wconf 86' lang='lat' dir='ltr'>ministri,</span> <span class='ocrx_word' id='word_1_354' title='bbox 1462 2357 1642 2403; x_wconf 89' lang='lat' dir='ltr'>quantum</span> <span class='ocrx_word' id='word_1_355' title='bbox 1656 2351 1779 2388; x_wconf 89' lang='lat' dir='ltr'>studio</span> 
     </span>
     <span class='ocr_line' id='line_1_35' title="bbox 199 2415 1779 2468; baseline 0 -16"><span class='ocrx_word' id='word_1_356' title='bbox 199 2421 329 2464; x_wconf 86' lang='lat' dir='ltr'>postea</span> <span class='ocrx_word' id='word_1_357' title='bbox 348 2429 390 2453; x_wconf 89' lang='grc'>30</span> <span class='ocrx_word' id='word_1_358' title='bbox 408 2416 533 2453; x_wconf 86' lang='lat' dir='ltr'>labore</span> <span class='ocrx_word' id='word_1_359' title='bbox 551 2417 747 2467; x_wconf 88' lang='lat' dir='ltr'>proficient</span> <span class='ocrx_word' id='word_1_360' title='bbox 771 2430 839 2454; x_wconf 92' lang='lat' dir='ltr'>suo</span> <span class='ocrx_word' id='word_1_361' title='bbox 859 2418 971 2454; x_wconf 87' lang='lat' dir='ltr'>etiam</span> <span class='ocrx_word' id='word_1_362' title='bbox 990 2417 1027 2453; x_wconf 91' lang='lat' dir='ltr'>in</span> <span class='ocrx_word' id='word_1_363' title='bbox 1052 2417 1161 2454; x_wconf 89' lang='lat' dir='ltr'>rebus</span> <span class='ocrx_word' id='word_1_364' title='bbox 1184 2417 1350 2468; x_wconf 89' lang='lat' dir='ltr'>optimis,</span> <span class='ocrx_word' id='word_1_365' title='bbox 1369 2416 1437 2454; x_wconf 87' lang='lat' dir='ltr'>tibi</span> <span class='ocrx_word' id='word_1_366' title='bbox 1456 2429 1533 2454; x_wconf 90' lang='grc'>11011</span> <span class='ocrx_word' id='word_1_367' title='bbox 1558 2421 1615 2453; x_wconf 87' lang='grc'>051</span> <span class='ocrx_word' id='word_1_368' title='bbox 1632 2415 1779 2452; x_wconf 80' lang='lat' dir='ltr'>difficile</span> 
     </span>
     <span class='ocr_line' id='line_1_36' title="bbox 200 2480 1777 2532; baseline 0 -16"><span class='ocrx_word' id='word_1_369' title='bbox 200 2480 393 2529; x_wconf 87' lang='lat' dir='ltr'>conjicere.</span> <span class='ocrx_word' id='word_1_370' title='bbox 450 2480 500 2517; x_wconf 92' lang='lat' dir='ltr'>Et</span> <span class='ocrx_word' id='word_1_371' title='bbox 527 2494 653 2518; x_wconf 88' lang='lat' dir='ltr'>meum</span> <span class='ocrx_word' id='word_1_372' title='bbox 686 2494 776 2531; x_wconf 80' lang='lat' dir='ltr'>ergo</span> <span class='ocrx_word' id='word_1_373' title='bbox 805 2481 1009 2531; x_wconf 90' lang='lat' dir='ltr'>periculum</span> <span class='ocrx_word' id='word_1_374' title='bbox 1039 2481 1221 2531; x_wconf 85' lang='lat' dir='ltr'>privatum</span> <span class='ocrx_word' id='word_1_375' title='bbox 1244 2489 1282 2519; x_wconf 89' lang='lat' dir='ltr'>et</span> <span class='ocrx_word' id='word_1_376' title='bbox 1308 2481 1390 2532; x_wconf 82' lang='lat' dir='ltr'>ipsa</span> <span class='ocrx_word' id='word_1_377' title='bbox 1412 2493 1525 2518; x_wconf 85' lang='lat' dir='ltr'>causa</span> <span class='ocrx_word' id='word_1_378' title='bbox 1557 2480 1777 2521; x_wconf 81' lang='lat' dir='ltr'>communis,</span> 
     </span>
     <span class='ocr_line' id='line_1_37' title="bbox 200 2542 1778 2596; baseline 0.001 -17"><span class='ocrx_word' id='word_1_379' title='bbox 200 2555 286 2593; x_wconf 86' lang='lat' dir='ltr'>quae</span> <span class='ocrx_word' id='word_1_380' title='bbox 306 2542 499 2581; x_wconf 90' lang='lat' dir='ltr'>hominum</span> <span class='ocrx_word' id='word_1_381' title='bbox 519 2550 618 2582; x_wconf 90' lang='lat' dir='ltr'>certe</span> <span class='ocrx_word' id='word_1_382' title='bbox 635 2558 711 2582; x_wconf 90' lang='lat' dir='ltr'>non</span> <span class='ocrx_word' id='word_1_383' title='bbox 729 2550 787 2582; x_wconf 87' lang='lat' dir='ltr'>est</span> <span class='ocrx_word' id='word_1_384' title='bbox 813 2545 879 2582; x_wconf 86' lang='lat' dir='ltr'>sed</span> <span class='ocrx_word' id='word_1_385' title='bbox 898 2545 924 2583; x_wconf 88' lang='lat' dir='ltr'><em>J</em></span> <span class='ocrx_word' id='word_1_386' title='bbox 927 2558 992 2582; x_wconf 89' lang='lat' dir='ltr'>esu</span> <span class='ocrx_word' id='word_1_387' title='bbox 1017 2544 1174 2592; x_wconf 87' lang='lat' dir='ltr'>Christi,</span> <span class='ocrx_word' id='word_1_388' title='bbox 1203 2558 1313 2596; x_wconf 90' lang='lat' dir='ltr'>opem</span> <span class='ocrx_word' id='word_1_389' title='bbox 1341 2558 1385 2583; x_wconf 92' lang='grc'>30</span> <span class='ocrx_word' id='word_1_390' title='bbox 1411 2545 1589 2582; x_wconf 68' lang='lat' dir='ltr'>auxilium</span> <span class='ocrx_word' id='word_1_391' title='bbox 1618 2550 1722 2581; x_wconf 86' lang='lat' dir='ltr'>tuum</span> <span class='ocrx_word' id='word_1_392' title='bbox 1742 2545 1778 2580; x_wconf 88' lang='lat' dir='ltr'>in</span> 
     </span>
     <span class='ocr_line' id='line_1_38' title="bbox 201 2606 1780 2660; baseline 0.003 -19"><span class='ocrx_word' id='word_1_393' title='bbox 201 2606 329 2656; x_wconf 86' lang='lat' dir='ltr'>primis</span> <span class='ocrx_word' id='word_1_394' title='bbox 359 2606 545 2656; x_wconf 75' lang='lat' dir='ltr'>flagitant.</span> <span class='ocrx_word' id='word_1_395' title='bbox 601 2609 658 2646; x_wconf 92' lang='lat' dir='ltr'>De</span> <span class='ocrx_word' id='word_1_396' title='bbox 687 2614 725 2646; x_wconf 88' lang='lat' dir='ltr'>te</span> <span class='ocrx_word' id='word_1_397' title='bbox 758 2622 861 2659; x_wconf 82' lang='lat' dir='ltr'>ergo,</span> <span class='ocrx_word' id='word_1_398' title='bbox 891 2609 980 2660; x_wconf 88' lang='lat' dir='ltr'>quin</span> <span class='ocrx_word' id='word_1_399' title='bbox 1009 2623 1159 2647; x_wconf 91' lang='lat' dir='ltr'>manum</span> <span class='ocrx_word' id='word_1_400' title='bbox 1189 2615 1291 2648; x_wconf 89' lang='lat' dir='ltr'>tuam</span> <span class='ocrx_word' id='word_1_401' title='bbox 1329 2614 1502 2660; x_wconf 88' lang='lat' dir='ltr'>prompte</span> <span class='ocrx_word' id='word_1_402' title='bbox 1531 2622 1575 2646; x_wconf 89' lang='lat' dir='ltr'>ac</span> <span class='ocrx_word' id='word_1_403' title='bbox 1611 2608 1780 2646; x_wconf 84' lang='lat' dir='ltr'>alacriter</span> 
     </span>
     <span class='ocr_line' id='line_1_39' title="bbox 199 2671 1777 2724; baseline 0.003 -19"><span class='ocrx_word' id='word_1_404' title='bbox 199 2675 434 2719; x_wconf 84' lang='lat' dir='ltr'>porrecturus</span> <span class='ocrx_word' id='word_1_405' title='bbox 453 2671 501 2708; x_wconf 88' lang='lat' dir='ltr'>sis</span> <span class='ocrx_word' id='word_1_406' title='bbox 520 2672 558 2708; x_wconf 88' lang='lat' dir='ltr'>in</span> <span class='ocrx_word' id='word_1_407' title='bbox 578 2686 688 2710; x_wconf 87' lang='lat' dir='ltr'>causa</span> <span class='ocrx_word' id='word_1_408' title='bbox 704 2678 781 2710; x_wconf 89' lang='lat' dir='ltr'>tam</span> <span class='ocrx_word' id='word_1_409' title='bbox 803 2672 961 2710; x_wconf 86' lang='lat' dir='ltr'>honesta</span> <span class='ocrx_word' id='word_1_410' title='bbox 980 2687 1022 2711; x_wconf 90' lang='lat' dir='ltr'>ac</span> <span class='ocrx_word' id='word_1_411' title='bbox 1041 2673 1262 2718; x_wconf 83' lang='lat' dir='ltr'>necessaria,</span> <span class='ocrx_word' id='word_1_412' title='bbox 1284 2672 1388 2711; x_wconf 81' lang='lat' dir='ltr'>‘nihil</span> <span class='ocrx_word' id='word_1_413' title='bbox 1406 2679 1461 2710; x_wconf 92' lang='lat' dir='ltr'>est</span> <span class='ocrx_word' id='word_1_414' title='bbox 1481 2673 1580 2724; x_wconf 89' lang='lat' dir='ltr'>quod</span> <span class='ocrx_word' id='word_1_415' title='bbox 1598 2673 1777 2711; x_wconf 86' lang='lat' dir='ltr'>dubitem.</span> 
     </span>
     <span class='ocr_line' id='line_1_40' title="bbox 203 2733 1779 2789; baseline 0.004 -21"><span class='ocrx_word' id='word_1_416' title='bbox 203 2733 387 2783; x_wconf 90' lang='lat' dir='ltr'>Equidem</span> <span class='ocrx_word' id='word_1_417' title='bbox 415 2740 456 2770; x_wconf 90' lang='lat' dir='ltr'>ut</span> <span class='ocrx_word' id='word_1_418' title='bbox 481 2735 573 2772; x_wconf 87' lang='lat' dir='ltr'>alios</span> <span class='ocrx_word' id='word_1_419' title='bbox 592 2737 815 2787; x_wconf 81' lang='lat' dir='ltr'>perstringas</span> <span class='ocrx_word' id='word_1_420' title='bbox 839 2742 903 2774; x_wconf 90' lang='lat' dir='ltr'>aut</span> <span class='ocrx_word' id='word_1_421' title='bbox 920 2737 1082 2782; x_wconf 86' lang='lat' dir='ltr'>vellices,</span> <span class='ocrx_word' id='word_1_422' title='bbox 1110 2737 1166 2789; x_wconf 87' lang='lat' dir='ltr'>(id</span> <span class='ocrx_word' id='word_1_423' title='bbox 1191 2738 1292 2789; x_wconf 88' lang='lat' dir='ltr'>quod</span> <span class='ocrx_word' id='word_1_424' title='bbox 1316 2743 1444 2775; x_wconf 85' lang='lat' dir='ltr'>tamen</span> <span class='ocrx_word' id='word_1_425' title='bbox 1464 2751 1509 2775; x_wconf 86' lang='lat' dir='ltr'>ex</span> <span class='ocrx_word' id='word_1_426' title='bbox 1527 2751 1595 2775; x_wconf 91' lang='lat' dir='ltr'>usu</span> <span class='ocrx_word' id='word_1_427' title='bbox 1612 2738 1779 2775; x_wconf 85' lang='lat' dir='ltr'>fortassis</span> 
     </span>
     <span class='ocr_line' id='line_1_41' title="bbox 200 2795 1775 2852; baseline 0.004 -20"><span class='ocrx_word' id='word_1_428' title='bbox 200 2795 308 2841; x_wconf 87' lang='lat' dir='ltr'>foret,</span> <span class='ocrx_word' id='word_1_429' title='bbox 330 2797 397 2834; x_wconf 87' lang='lat' dir='ltr'>etsi</span> <span class='ocrx_word' id='word_1_430' title='bbox 412 2797 503 2834; x_wconf 90' lang='lat' dir='ltr'>mihi</span> <span class='ocrx_word' id='word_1_431' title='bbox 517 2811 592 2836; x_wconf 89' lang='lat' dir='ltr'>non</span> <span class='ocrx_word' id='word_1_432' title='bbox 610 2800 663 2837; x_wconf 92' lang='lat' dir='ltr'>ita</span> <span class='ocrx_word' id='word_1_433' title='bbox 676 2806 810 2846; x_wconf 85' lang='lat' dir='ltr'>tutum,</span> <span class='ocrx_word' id='word_1_434' title='bbox 822 2801 894 2838; x_wconf 89' lang='lat' dir='ltr'>nisi</span> <span class='ocrx_word' id='word_1_435' title='bbox 913 2801 951 2838; x_wconf 90' lang='lat' dir='ltr'>in</span> <span class='ocrx_word' id='word_1_436' title='bbox 967 2815 1102 2851; x_wconf 84' lang='lat' dir='ltr'>genere</span> <span class='ocrx_word' id='word_1_437' title='bbox 1120 2802 1159 2839; x_wconf 89' lang='lat' dir='ltr'>id</span> <span class='ocrx_word' id='word_1_438' title='bbox 1174 2802 1239 2839; x_wconf 87' lang='lat' dir='ltr'>fiat</span> <span class='ocrx_word' id='word_1_439' title='bbox 1251 2807 1288 2839; x_wconf 91' lang='lat' dir='ltr'>et</span> <span class='ocrx_word' id='word_1_440' title='bbox 1298 2800 1526 2852; x_wconf 81' lang='lat' dir='ltr'>prudenter‚)</span> <span class='ocrx_word' id='word_1_441' title='bbox 1541 2802 1591 2846; x_wconf 89' lang='lat' dir='ltr'>id,</span> <span class='ocrx_word' id='word_1_442' title='bbox 1611 2801 1775 2852; x_wconf 86' lang='lat' dir='ltr'>inquam,</span> 
     </span>
     <span class='ocr_line' id='line_1_42' title="bbox 201 2859 1774 2914; baseline 0.005 -19"><span class='ocrx_word' id='word_1_443' title='bbox 201 2859 354 2897; x_wconf 90' lang='lat' dir='ltr'>minime</span> <span class='ocrx_word' id='word_1_444' title='bbox 373 2866 482 2910; x_wconf 89' lang='lat' dir='ltr'>peto·</span> <span class='ocrx_word' id='word_1_445' title='bbox 502 2867 543 2898; x_wconf 91' lang='lat' dir='ltr'>ut</span> <span class='ocrx_word' id='word_1_446' title='bbox 562 2875 620 2899; x_wconf 88' lang='grc'>1110</span> <span class='ocrx_word' id='word_1_447' title='bbox 638 2864 909 2913; x_wconf 87' lang='lat' dir='ltr'>periclitantem</span> <span class='ocrx_word' id='word_1_448' title='bbox 924 2865 1025 2914; x_wconf 86' lang='lat' dir='ltr'>justa</span> <span class='ocrx_word' id='word_1_449' title='bbox 1042 2866 1257 2903; x_wconf 88' lang='lat' dir='ltr'>defensione</span> <span class='ocrx_word' id='word_1_450' title='bbox 1275 2865 1413 2903; x_wconf 77' lang='lat' dir='ltr'>tuearis</span> <span class='ocrx_word' id='word_1_451' title='bbox 1432 2878 1475 2902; x_wconf 85' lang='lat' dir='ltr'>ac</span> <span class='ocrx_word' id='word_1_452' title='bbox 1495 2864 1683 2909; x_wconf 83' lang='lat' dir='ltr'>defendas,</span> <span class='ocrx_word' id='word_1_453' title='bbox 1703 2865 1774 2903; x_wconf 86' lang='lat' dir='ltr'>hoc</span> 
     </span>
     <span class='ocr_line' id='line_1_43' title="bbox 202 2923 1773 2980; baseline 0.006 -22"><span class='ocrx_word' id='word_1_454' title='bbox 202 2923 308 2960; x_wconf 87' lang='lat' dir='ltr'>unice</span> <span class='ocrx_word' id='word_1_455' title='bbox 328 2936 479 2974; x_wconf 79' lang='lat' dir='ltr'>quaero3</span> <span class='ocrx_word' id='word_1_456' title='bbox 509 2925 618 2976; x_wconf 88' lang='lat' dir='ltr'>idque</span> <span class='ocrx_word' id='word_1_457' title='bbox 644 2927 795 2976; x_wconf 85' lang='lat' dir='ltr'>privatis</span> <span class='ocrx_word' id='word_1_458' title='bbox 824 2928 898 2965; x_wconf 89' lang='lat' dir='ltr'>tuis</span> <span class='ocrx_word' id='word_1_459' title='bbox 926 2929 972 2965; x_wconf 86' lang='lat' dir='ltr'>ad</span> <span class='ocrx_word' id='word_1_460' title='bbox 997 2942 1070 2974; x_wconf 89' lang='lat' dir='ltr'>me,</span> <span class='ocrx_word' id='word_1_461' title='bbox 1100 2930 1131 2967; x_wconf 88' lang='lat' dir='ltr'>si</span> <span class='ocrx_word' id='word_1_462' title='bbox 1155 2930 1288 2980; x_wconf 84' lang='lat' dir='ltr'>placet,</span> <span class='ocrx_word' id='word_1_463' title='bbox 1319 2929 1446 2973; x_wconf 85' lang='lat' dir='ltr'>literis,</span> <span class='ocrx_word' id='word_1_464' title='bbox 1471 2942 1518 2966; x_wconf 89' lang='grc'>110</span> <span class='ocrx_word' id='word_1_465' title='bbox 1547 2929 1664 2980; x_wconf 86' lang='lat' dir='ltr'>major</span> <span class='ocrx_word' id='word_1_466' title='bbox 1686 2929 1773 2967; x_wconf 75' lang='grc' dir='ltr'>11111(ι</span> 
     </span>
    </p>
   </div>
   <div class='ocr_carea' id='block_1_3' title="bbox 820 3006 1144 3043">
    <p class='ocr_par' dir='ltr' id='par_1_3' title="bbox 820 3006 1144 3043">
     <span class='ocr_line' id='line_1_44' title="bbox 820 3006 1144 3043; baseline 0.006 -8"><span class='ocrx_word' id='word_1_467' title='bbox 820 3006 843 3041; x_wconf 89' lang='lat'>[¹</span> <span class='ocrx_word' id='word_1_468' title='bbox 862 3008 924 3035; x_wconf 87' lang='lat' dir='ltr'>MS.</span> <span class='ocrx_word' id='word_1_469' title='bbox 939 3009 1144 3043; x_wconf 78' lang='lat' dir='ltr'>praedz&#39;catnr.]</span> 
     </span>
    </p>
   </div>
  </div>
 </body>
</html>
