1886 3228
213 121 299 161 160
396 114 399 115 ⁷
467 132 657 159 ammaus
690 132 829 158 nutas
859 132 914 157 AD
949 131 1155 158 HENmCUM
1188 132 1486 160 BULLINGERUM.
1625 116 1768 175 [EPIST.

210 250 312 288 venis
330 249 532 297 consistere
550 248 706 294 videtur,
725 254 804 285 tum
823 247 957 285 ibidem
977 248 1102 286 medio
1116 247 1213 286 inter
1229 248 1439 287 Flandriam
1456 255 1493 287 et
1513 248 1770 300 Flusshingam

211 313 530 365 apprehenderunt
557 315 604 349 15
633 318 698 350 aut
727 314 775 349 16
801 324 914 350 naves
944 317 1116 350 oneratas
1146 313 1372 351 aromatibus
1400 319 1437 351 et
1467 314 1651 364 opulentis
1678 326 1772 351 mer-

210 380 326 424 cibus,
348 383 385 415 et
403 390 547 428 quoque
565 376 751 420 nummis;
778 389 864 427 quae
883 389 997 414 naves
1020 382 1200 414 venerunt
1224 378 1269 414 ab
1299 378 1485 428 Hispania
1509 384 1547 415 et
1567 378 1770 423 Lusitania,

210 450 248 480 et
275 447 378 480 erant
403 441 621 491 profecturae
649 439 894 490 Antverpiam
920 453 996 478 una
1024 454 1108 478 cum
1139 441 1221 478 aliis
1248 441 1404 492 triginta
1433 447 1499 479 aut
1527 442 1773 493 quadraginta

211 507 364 544 navibus
395 505 549 550 bellicis,
581 510 618 542 et
652 504 830 542 onerariis
860 517 947 555 quae
979 510 1158 542 vexerunt
1190 505 1321 543 ducem
1354 506 1523 544 Medinae
1558 505 1655 543 Coeli
1687 519 1771 544 cum

210 572 309 609 mille
332 575 370 607 et
399 568 568 606 ducentis
595 568 774 605 militibus
803 568 998 619 Hispanis,
1025 568 1088 619 qui
1111 569 1278 606 comitati
1306 575 1394 607 sunt
1421 570 1564 615 ducem,
1591 576 1628 608 et
1657 583 1771 621 appu-

209 636 330 673 lerunt
349 634 386 671 in
406 633 575 677 inferiore
596 632 807 671 Germania.
864 631 1057 683 Philippus
1075 632 1175 670 enim
1199 646 1265 670 rex
1293 633 1462 685 praefecit
1485 635 1565 672 vice
1590 648 1657 672 sua
1674 634 1771 672 hunc

209 701 341 737 ducem
375 697 543 736 Medinae
577 697 676 735 Coeli
708 696 874 734 inferiori
905 696 1130 742 Germaniae,
1169 697 1254 748 quia
1281 697 1446 748 prefatus
1473 711 1538 735 rex
1567 699 1773 749 Philippus,

209 770 249 800 ut
273 763 398 808 fertur,
423 761 615 800 constituit
639 762 771 799 ducem
793 759 901 798 Alvae
923 761 1126 798 rediturum
1147 761 1233 799 inde
1260 761 1412 799 domum
1433 762 1472 800 in
1501 762 1736 813 Hispaniam.

289 827 434 865 Deinde
463 826 588 873 etiam,
614 831 656 863 ut
672 825 772 863 fama
797 830 866 870 est,
887 830 925 862 et
942 838 985 862 ea
1001 838 1069 875 pro
1087 830 1202 871 certo,
1221 825 1333 862 iidem
1352 826 1450 864 cives
1468 826 1685 877 Flushingae
1705 827 1773 863 im-

210 893 382 945 pulerunt
418 892 457 928 in
487 891 580 929 vada
611 891 700 928 duas
731 895 795 927 aut
825 895 900 927 tres
927 903 1042 928 naves
1072 890 1162 928 alias
1191 903 1315 927 earum
1346 890 1494 928 navium
1529 904 1618 942 quas
1649 903 1774 941 appre-

211 957 427 1002 henderunt,
456 956 578 1006 ibique
605 954 840 1005 naufragium
864 953 984 991 facere
1010 960 1227 1004 coegerunt,
1249 954 1566 1006 incendebantque
1593 962 1775 1006 praeterea

211 1022 302 1059 duas
319 1026 383 1059 aut
400 1027 474 1058 tres
489 1020 580 1057 alias
593 1032 719 1065 naves,
736 1025 773 1056 et
790 1018 878 1068 igne
894 1019 1170 1056 consumebant.
1209 1019 1295 1063 Sed,
1311 1024 1352 1056 ut
1365 1019 1471 1056 multi
1484 1018 1545 1057 hic
1561 1020 1699 1066 dicunt,
1715 1019 1776 1057 hae

211 1085 294 1122 duae
313 1091 376 1123 aut
394 1091 469 1123 tres
485 1097 600 1122 naves
617 1083 797 1134 proximae
816 1083 1024 1133 praedictae,
1038 1096 1121 1133 quae
1140 1083 1348 1120 combustae
1369 1088 1485 1129 erant,
1505 1089 1670 1121 oneratae
1690 1089 1776 1121 sunt

210 1149 294 1187 lana
311 1150 549 1200 Hispanensi,
565 1148 859 1200 profecturaeque
879 1147 1058 1197 Brugam,
1076 1152 1251 1198 erantque
1269 1148 1316 1185 de
1329 1161 1485 1185 numero
1503 1161 1627 1185 earum
1644 1151 1693 1185 30
1713 1154 1776 1186 aut

210 1216 261 1251 40
280 1214 443 1259 navium,
463 1226 547 1264 quae
573 1218 754 1250 venerunt
778 1212 824 1248 ab
851 1211 1036 1262 Hispania
1059 1212 1126 1249 sub
1153 1212 1328 1262 praesidio
1354 1218 1392 1249 et
1417 1213 1602 1250 conductu
1628 1212 1774 1263 praefati

210 1278 315 1316 ducis
341 1279 507 1316 Medinae
532 1277 644 1323 Coeli,
672 1290 750 1315 non
776 1277 821 1314 de
843 1289 997 1314 numero
1023 1278 1070 1313 15
1090 1282 1154 1314 aut
1176 1278 1223 1312 16
1242 1276 1392 1314 navium
1412 1289 1497 1327 quae
1512 1281 1618 1314 erant
1635 1276 1776 1327 profec-

210 1348 305 1380 turae
334 1341 590 1393 Antverpiam,
618 1348 656 1380 et
680 1346 801 1392 captae
824 1341 864 1378 in
885 1346 1087 1391 conspectu
1111 1340 1294 1391 Flushing
1320 1345 1358 1377 et
1377 1340 1628 1391 Middelburg.
1678 1339 1776 1378 Mihi

212 1420 299 1445 vero
315 1407 459 1445 videtur
481 1405 731 1452 lamentabile,
759 1410 984 1443 mercatores
1008 1404 1295 1455 Antverpienses
1325 1403 1407 1456 (qui
1423 1405 1551 1454 procul
1570 1404 1683 1442 dubio
1707 1405 1777 1442 im-

212 1471 312 1521 pium
330 1471 435 1508 illum
453 1477 492 1508 et
509 1471 695 1508 crudelem
713 1469 824 1508 Albae
840 1470 969 1508 ducem
987 1483 1065 1507 non
1084 1469 1166 1520 plus
1186 1469 1356 1519 diligunt,
1384 1481 1493 1519 quam
1513 1482 1598 1506 eum
1618 1469 1778 1519 diligunt

212 1535 274 1585 qui
292 1548 390 1573 nunc
417 1536 544 1573 Brillae
571 1541 608 1572 et
634 1534 849 1585 Flushingae
868 1533 1004 1586 agunt)
1032 1539 1069 1571 et
1087 1539 1309 1571 mercatores
1329 1532 1599 1583 Hispanienses
1618 1538 1655 1570 et
1673 1533 1778 1571 Lusi-

213 1599 328 1637 taniae
348 1599 524 1637 deberent
541 1599 595 1636 ita
614 1599 761 1649 spoliari
784 1599 893 1636 bonis
912 1605 950 1636 et
973 1598 1155 1636 mercibus
1183 1598 1270 1643 suis,
1302 1603 1338 1634 et
1360 1597 1524 1634 fortassis
1552 1597 1671 1647 major
1695 1611 1779 1648 pars

213 1669 406 1701 nautarum
430 1675 579 1701 suorum
604 1662 799 1707 interfecti,
827 1663 1018 1707 submersi,
1047 1668 1112 1699 aut
1136 1661 1323 1712 suspensi:
1352 1661 1404 1698 ita
1429 1667 1466 1698 et
1492 1674 1590 1699 nunc
1608 1666 1778 1698 metuen-

213 1727 300 1764 dum
317 1733 384 1773 est,
404 1741 452 1765 ne
472 1727 509 1764 in
526 1727 741 1777 regionibus
757 1726 847 1763 dicti
864 1727 963 1776 regis
983 1726 1143 1776 Philippi
1162 1732 1239 1762 tam
1258 1737 1371 1775 parva
1388 1725 1437 1762 sit
1455 1725 1697 1775 imposterum
1715 1738 1781 1776 per

212 1805 329 1829 annos
346 1792 488 1843 aliquot
505 1791 728 1842 negotiatio,
747 1790 832 1843 (seu
847 1796 1067 1836 mercatura,
1091 1796 1132 1828 ut
1150 1790 1223 1827 dici
1243 1789 1351 1835 solet,
1374 1787 1536 1840 trafica),
1557 1795 1594 1825 et
1614 1795 1718 1827 tanta
1735 1803 1778 1827 ac

214 1862 291 1893 tam
309 1870 449 1907 magna
472 1856 547 1893 sint
565 1856 616 1893 ibi
635 1855 787 1893 tandem
807 1855 929 1893 civilia
945 1855 1056 1900 bella,
1075 1860 1214 1905 quanta
1231 1860 1317 1891 ante
1336 1866 1475 1903 paucos
1494 1866 1613 1891 annos
1632 1853 1778 1891 fuerunt

213 1920 251 1957 in
264 1921 397 1967 Gallia,
410 1920 483 1957 nisi
499 1920 640 1970 optimo
653 1919 819 1957 maximo
832 1919 916 1957 Deo
930 1919 1108 1969 placuerit
1122 1918 1418 1968 indignationem
1433 1930 1538 1954 suam
1553 1918 1599 1955 ab
1617 1917 1782 1956 inferiori

213 1990 375 2022 avertere
395 1985 607 2031 Germania,
623 1984 730 2021 sicuti
748 1996 814 2034 pro
834 1996 901 2020 sua
918 1982 1167 2020 misericordia
1186 1982 1345 2019 orandus
1363 1988 1421 2019 est
1438 1995 1485 2019 ne
1503 1982 1626 2020 faciat.
1664 1983 1779 2021 Vale:

216 2049 389 2099 Deusque
418 2049 578 2100 optimus
607 2048 791 2085 maximus
818 2054 855 2085 te
881 2047 927 2084 ad
955 2047 1113 2097 gloriam
1141 2060 1245 2084 suam
1273 2047 1566 2098 promovendam
1595 2053 1705 2098 atque
1733 2048 1778 2084 ad

212 2113 383 2150 ecclesiae
411 2126 488 2150 suae
507 2112 792 2150 aedificationem
821 2124 932 2163 quam
959 2111 1167 2149 diutissime
1194 2111 1408 2149 conservet!
1455 2111 1633 2157 Londini,
1657 2114 1702 2148 10
1720 2112 1781 2148 die

214 2176 317 2223 Julii,
346 2190 444 2215 anno
475 2179 586 2214 1572.

252 2255 268 2269 ο
986 2240 1104 2285 Tuus,

1161 2290 1438 2330 RICARDUS
1468 2293 1676 2333 HILLES.

784 2553 1081 2596 EPISTOLA
1123 2551 1215 2595 CV.

376 2735 625 2767 ROBERTUS
654 2736 847 2768 HORNUS
872 2737 942 2767 AD
971 2735 1227 2767 HENRICUM
1256 2731 1626 2766 BULLINGERUM.

272 2811 468 2848 GRATIAM
499 2818 536 2849 et
563 2825 690 2862 pacem
713 2813 751 2849 in
781 2811 942 2850 Christo.
1000 2812 1082 2849 Etsi
1106 2811 1231 2848 multis
1257 2810 1475 2861 magnisque
1496 2807 1670 2858 negotiiS,
1696 2819 1779 2844 cum

220 2874 367 2924 privatis
394 2881 472 2912 tum
504 2876 672 2926 publicis,
703 2883 740 2913 et
771 2877 862 2927 reip.
890 2882 928 2913 et
956 2875 1138 2921 ecclesiae,
1168 2875 1338 2925 distringi
1365 2888 1425 2911 me
1452 2874 1670 2923 plerumque
1698 2885 1782 2908 vere

219 2939 359 2985 scribiS,
387 2939 600 2991 Bullingere
629 2941 692 2987 mi,
721 2941 757 2979 in
783 2940 934 2980 Christo
957 2940 1218 2985 dilectissime3
1247 2939 1321 2978 tuis
1345 2944 1470 2976 tamen
1492 2943 1530 2975 et
1553 2936 1785 2988 perlegendis
