1845 3233
102 173 262 232 xoium]
561 188 616 217 An
649 187 858 217 namucum
909 184 1205 214 BULLINGERUM.
1602 160 1685 208 147

106 316 264 367 cipitant
297 327 340 353 ac
369 315 625 366 submergunt.
682 316 758 354 Hic
788 320 912 353 autem
935 313 1125 364 religionis
1156 314 1296 349 nostrae
1321 304 1518 345 adversarii
1548 302 1685 341 mirum

108 386 165 418 est
197 392 308 431 quam
340 379 524 426 idoneam,
565 386 605 417 ut
634 380 702 418 sibi
733 380 913 425 videntur,
944 376 1129 427 evangelii
1162 371 1394 412 deformandi
1427 381 1557 408 ansam
1596 367 1683 405 arri-

107 446 231 496 piant:
261 443 380 494 regiae
410 444 615 494 majestatis
644 445 790 483 auribus
823 445 1064 487 insusurrant,
1096 440 1194 478 hunc
1225 451 1308 476 esse
1346 433 1530 485 evangelii
1567 432 1685 471 nostri

107 509 264 546 fructum
290 513 617 556 maturescentem,
646 509 742 548 hanc
767 509 885 547 solam
910 507 1091 545 doctrinae
1113 509 1255 542 nostrae
1281 513 1443 540 messem
1464 502 1683 549 exspectan-

108 573 215 617 dam3
253 572 307 609 ita
338 577 390 617 ut,
423 572 494 610 nisi
527 581 804 611 sacrosanctum
836 585 900 610 cor
930 571 1021 609 illud
1051 568 1217 607 veritatis
1243 571 1341 604 esset
1376 576 1500 601 amore
1536 572 1684 612 prorsus

107 636 393 682 inflammatum,
414 637 635 686 jamdudum
661 638 817 675 istorum
840 634 1112 687 aspersionibus
1144 630 1356 670 refrixisset.
1425 627 1510 666 En!
1542 625 1684 664 Bullin—

109 713 196 751 gere
221 700 374 751 optime,
407 701 523 746 effeci,
554 707 694 753 quanta
721 701 826 753 potui
854 700 1045 744 brevitate,
1070 703 1111 735 ut
1144 709 1219 734 uno
1252 694 1356 746 quasi
1389 693 1535 731 obtuitu
1563 702 1685 729 rerum

109 771 315 803 nostrarum
345 766 527 803 rationem
551 766 772 812 universam,
795 772 833 804 et
850 764 1066 816 reipublicae
1089 761 1234 806 faciem,
1267 765 1305 797 et
1333 757 1501 796 ecclesiae
1526 756 1683 794 formam

109 830 305 880 integram,
335 830 512 868 intueare.
710 837 715 841 “

179 895 310 939 Gallia,
330 895 443 945 longo
454 896 534 945 jam
550 902 718 947 tempore
734 896 808 933 suis
828 894 944 945 ipsius
958 893 1166 931 vulneribus
1182 890 1359 932 sauciata,
1378 894 1415 925 et
1430 886 1535 937 quasi
1550 886 1685 923 lassata

111 959 226 1003 bellis,
252 973 352 998 nunc
372 960 522 997 tandem
541 959 811 1010 aliquantulum
837 958 1052 1009 respiravit:
1083 954 1319 1006 evangelium
1333 952 1482 1004 quidem
1510 948 1686 993 admittit,

112 1024 177 1061 sed
193 1024 297 1075 quasi
315 1030 458 1075 pestem
476 1038 484 1068 ;
516 1024 568 1062 sic
587 1030 628 1061 ut
647 1023 813 1062 civitates
832 1023 952 1061 nullas
977 1022 1123 1067 invisat,
1151 1020 1223 1058 nisi
1242 1031 1377 1070 paucas
1397 1029 1530 1067 easque
1554 1025 1687 1065 perpu-

111 1088 225 1134 sillas‚
239 1094 304 1125 aut
321 1088 352 1125 si
372 1088 546 1139 majorcS,
562 1088 615 1126 sic
634 1094 675 1125 ut
693 1094 797 1126 extra
815 1087 955 1125 moenia
980 1091 1240 1125 commoretur.
1289 1082 1416 1120 Curiae
1435 1093 1524 1118 vero
1544 1078 1687 1116 curiose

112 1153 311 1191 admodum
338 1158 501 1199 cavetur,
528 1166 576 1190 ne
600 1152 791 1191 Christum
811 1152 983 1190 admittat
1001 1149 1196 1201 aliquando
1214 1148 1272 1186 vel
1292 1146 1500 1196 hospitem;
1528 1143 1687 1193 ideoque

112 1219 159 1256 ad
175 1217 350 1268 quaedam
364 1217 547 1263 milliaria,
567 1218 632 1255 sub
653 1217 753 1266 gravi
771 1229 897 1267 poena,
916 1216 1063 1267 jubetur
1076 1214 1236 1252 exulare.
1273 1208 1487 1249 Cardinalis'
1500 1213 1537 1245 et
1554 1206 1690 1245 nobilis

114 1296 197 1320 cum
216 1283 346 1333 primis
364 1288 401 1319 ct
419 1282 500 1333 pius
515 1282 581 1327 vir,
610 1282 801 1333 religionis
820 1294 931 1319 causa
955 1280 1018 1318 hic
1036 1280 1133 1331 apud
1151 1291 1219 1316 nos
1245 1276 1410 1319 exulans,
1440 1273 1527 1310 dum
1547 1270 1688 1308 Cantu-

115 1347 204 1383 ariae
224 1352 364 1383 nostrae
385 1346 431 1383 ad
457 1346 535 1383 dies
553 1345 694 1396 aliquot
712 1350 1013 1389 commoraretur,
1042 1349 1191 1382 ventum
1211 1344 1431 1391 exspectans
1459 1336 1505 1373 ad
1529 1334 1687 1373 reditum

115 1411 315 1449 secundum
349 1424 391 1448 ac
424 1411 632 1456 salutarem,
666 1409 790 1447 lethali
818 1422 959 1447 veneno
988 1407 1276 1459 pontificiorum,
1318 1410 1359 1442 ut
1387 1402 1501 1446 aiunt,
1532 1406 1570 1438 et
1601 1411 1690 1436 sane

115 1475 287 1512 credibile
306 1480 374 1520 est,
405 1474 550 1525 flagitio
583 1488 626 1512 ac
659 1475 794 1512 scelere
828 1473 1019 1511 confectus
1053 1470 1256 1510 contabuit.
1312 1467 1385 1506 Sed
1417 1465 1507 1517 quid
1539 1476 1612 1514 ego
1643 1476 1691 1500 ex

117 1539 239 1576 Gallia
260 1539 440 1589 Tigurum
467 1539 664 1589 quicquam
689 1539 872 1589 exporto'?
928 1537 1033 1575 Nihil
1052 1536 1153 1574 enim
1172 1547 1219 1572 ex
1249 1532 1373 1571 Gallia
1398 1527 1556 1569 convehi
1583 1527 1690 1571 solet,

117 1604 216 1654 quod
243 1602 431 1653 Tigurinis
460 1616 536 1640 non
562 1603 610 1639 sit
633 1603 796 1653 vulgare,
839 1615 912 1653 quo
941 1600 1053 1638 etiam
1084 1613 1162 1637 non
1194 1596 1402 1635 abundatis.
1460 1593 1548 1631 Hoc
1577 1602 1691 1629 unum

118 1673 243 1705 tamen
267 1667 422 1704 arbitror
445 1680 511 1705 vos
530 1680 607 1704 non
631 1666 829 1717 accepisse,
857 1666 915 1703 vel
942 1665 1072 1702 saltem
1097 1663 1212 1701 rarius
1238 1659 1335 1712 apud
1353 1672 1418 1697 vos
1444 1669 1547 1695 esse:
1606 1655 1695 1693 Dux

119 1731 429 1783 Andegaviensis‚
461 1730 596 1769 Galliae
622 1730 724 1782 regis
749 1731 871 1777 frater,
896 1729 1132 1767 vehementer
1155 1725 1316 1776 Reginae
1335 1728 1475 1761 nostrae
1495 1721 1613 1758 factus
1636 1725 1693 1756 est

120 1810 262 1847 procus.
320 1796 444 1841 Quem
474 1809 684 1834 successum
712 1795 880 1833 habitura
909 1807 967 1832 res
997 1799 1065 1838 est,
1093 1791 1259 1829 nondum
1287 1792 1444 1827 constat.
1503 1784 1557 1823 Ut
1585 1784 1694 1835 plane

121 1861 315 1912 approbari
335 1861 499 1898 nondum
518 1861 649 1905 audio;
679 1861 733 1898 ita
751 1860 949 1910 quicquam
964 1857 1082 1896 adhuc
1101 1854 1300 1906 improbari
1319 1865 1468 1904 prorsus
1487 1863 1564 1888 non
1578 1849 1698 1886 video.

122 1926 163 1962 Si
196 1938 356 1976 quaeras,
386 1924 475 1975 quid
505 1924 584 1976 ipse
610 1925 794 1969 sentiam;
833 1923 978 1961 difficile
1009 1928 1066 1959 est
1093 1919 1261 1971 profecto
1289 1918 1328 1956 in
1358 1915 1564 1968 principum
1591 1913 1699 1950 rebus

123 2003 203 2027 esse
228 1990 404 2040 judicem.
463 1989 509 2026 Id
540 1994 687 2026 tantum
720 1989 862 2026 dicam:
904 2000 997 2038 quas
1027 1985 1182 2023 credunt
1216 1983 1308 2028 fore,
1345 1981 1412 2018 has
1439 1979 1594 2018 arbitror
1624 1989 1701 2014 non

122 2053 260 2092 futuras
293 2066 378 2090 vere
406 2052 565 2104 nuptias.
623 2052 748 2090 Multa
781 2057 877 2098 sunt,
907 2063 992 2102 quae
1021 2049 1162 2087 faciunt
1185 2053 1225 2086 ut
1254 2052 1444 2089 metuam;
1478 2056 1555 2080 non
1583 2053 1700 2092 pauca

125 2124 210 2156 sunt
239 2118 367 2163 etiam,
396 2132 482 2169 quae
517 2118 704 2155 adducunt
730 2122 771 2153 ut
798 2123 934 2167 optem.
1004 2113 1180 2151 Ceterum
1208 2112 1293 2156 ista,
1323 2116 1363 2147 ut
1397 2114 1523 2147 nostra
1560 2106 1698 2150 omnia,

124 2183 250 2220 divino
275 2182 415 2233 judicio
442 2182 641 2233 prudenter
663 2187 702 2219 et
724 2180 882 2219 bonitati
901 2179 1013 2231 probe
1039 2176 1272 2228 disponenda
1294 2175 1472 2225 relinquo.
1530 2171 1645 2217 Quod
1670 2170 1702 2207 si

125 2254 202 2285 tam
229 2247 277 2284 ad
303 2247 488 2297 evangelii
517 2246 675 2284 fructum
702 2245 984 2297 propagandum
1011 2248 1049 2280 et
1075 2241 1235 2279 nominis
1261 2238 1403 2277 Christi
1424 2235 1582 2288 gloriam
1602 2235 1702 2272 illus—

124 2312 293 2350 trandam
321 2311 445 2357 faciet,
475 2325 585 2362 quam
615 2317 652 2348 et
675 2311 724 2347 ad
751 2323 808 2348 res
836 2308 997 2360 privatas
1024 2306 1254 2357 singulorum
1280 2304 1383 2348 utile,
1410 2308 1446 2339 et
1471 2302 1517 2339 ad
1538 2299 1704 2351 publicas

125 2376 290 2414 omnium
310 2376 474 2414 futurum
494 2376 638 2414 videtur
660 2375 780 2427 prima
804 2374 897 2412 facie
919 2373 1091 2418 salutare,
1119 2369 1264 2408 abunde
1289 2368 1379 2406 satis
1399 2373 1437 2404 ct
1454 2367 1542 2404 vitae
1563 2370 1601 2402 et
1618 2369 1705 2402 voto

125 2446 251 2478 nostro
269 2440 378 2478 fuerit
395 2440 638 2479 satisfactum.

208 2504 332 2555 Atque
352 2511 393 2541 ut
411 2504 472 2542 hic
490 2505 669 2543 nonnulla
684 2505 730 2542 de
748 2503 870 2543 vicina
887 2508 1018 2540 nostra
1042 2499 1167 2538 Scotia
1188 2499 1421 2536 intertexam.
1474 2494 1535 2531 Ea
1558 2492 1709 2544 quidem

132 2569 345 2608 foedissimis
365 2582 483 2621 nuper
501 2569 715 2608 homicidiis
734 2569 966 2613 labefactata,
986 2573 1024 2604 et
1040 2563 1352 2603 nobilissimorum
1371 2559 1564 2598 hominum
1582 2570 1710 2596 cruen-

132 2640 211 2672 tata
239 2634 438 2684 sanguine,
464 2640 502 2672 et
526 2634 627 2685 regis
654 2634 724 2679 sui,
739 2632 887 2683 juvenis
906 2645 952 2670 ex
980 2629 1122 2680 Anglia
1138 2625 1428 2680 praeclarissimi,
1456 2629 1494 2661 et
1517 2628 1604 2673 post
1628 2634 1711 2659 eum

132 2699 267 2737 Jacobi
294 2698 461 2749 regentis
488 2699 636 2749 optimi,
665 2710 758 2749 quos
784 2698 876 2735 duos
895 2694 1061 2733 horribili
1087 2698 1124 2730 et
1152 2693 1319 2730 luctuosa
1341 2688 1447 2727 caede
1480 2686 1714 2730 sustulerunt,

133 2763 252 2801 adhuc
283 2763 422 2800 mutuis
454 2763 608 2800 istarum
639 2775 760 2800 rerum
791 2761 886 2798 odiis
915 2757 1154 2797 incandescit.
1211 2755 1357 2805 Regina
1381 2753 1468 2791 dum
1513 2752 1561 2789 ob
1589 2749 1715 2788 mariti

132 2840 264 2865 necem
296 2834 482 2877 suspecta,
523 2827 569 2864 ab
599 2826 677 2877 cjus
710 2825 817 2875 regni
848 2823 1058 2874 proceribus
1091 2821 1168 2859 sive
1197 2820 1243 2856 ad
1275 2817 1535 2869 purgationem
1563 2816 1638 2852 sive
1668 2814 1714 2852 ad

134 2904 286 2942 poenam
304 2892 509 2942 perquisita
528 2896 596 2935 est,
626 2896 667 2927 ut
696 2889 878 2940 proximis
897 2886 1116 2939 significavi,
1145 2885 1240 2922 clam
1259 2883 1329 2921 huc
1347 2882 1444 2932 fugit
1463 2882 1501 2918 in
1520 2880 1714 2930 Angliam,

133 2955 195 2992 ubi
211 2955 328 2994 adhuc
348 2956 494 3006 captiva
512 2955 704 2993 retinetur.
755 2953 825 2991 Illa
850 2953 990 3003 fugam,
1010 2951 1073 2988 alii
1090 2950 1240 2995 furtum,
1260 2961 1364 2998 saepe
1385 2951 1470 2985 sunt
1488 2942 1689 2983 machinati
1707 2955 1715 2985 ;

137 3018 312 3061 haetenus
339 3026 462 3059 tamen
492 3024 679 3059 tentatum
707 3023 765 3056 est
790 3017 951 3058 frustra:
991 3015 1188 3065 diligenter
1213 3012 1310 3052 enim
1335 3010 1534 3051 admodum
1557 3014 1595 3046 et
1623 3005 1719 3044 serio

1439 3076 1599 3115 *lo-2
