1845 3233
183 143 202 182 1
212 144 266 183 52
703 154 920 182 EDMUNDus
951 153 1197 180 GRINDALLUS
1595 137 1734 194 [EPIST-

182 269 333 322 penuria
360 268 621 313 laborantibus,
649 267 816 306 tenacius
841 267 1045 313 haerebant,
1072 281 1137 318 pro
1161 267 1253 305 virili
1281 267 1454 311 laboravi,
1483 272 1593 317 atque
1619 266 1736 305 adhuc

183 335 319 371 laboro.
372 333 395 370 J
398 346 457 370 am
475 337 561 382 post
580 344 814 382 suppressam
832 331 1048 369 seditionem
1077 332 1235 381 plebem,
1262 332 1383 382 quoad
1405 337 1595 369 externam
1612 330 1738 368 obedi-

184 397 333 441 entiam,
362 396 687 447 obsequentiorem
717 395 865 433 invenio
893 408 1003 445 quam
1031 396 1225 446 putabam:
1253 395 1398 432 fuerunt
1418 395 1517 433 enim
1544 394 1600 432 his
1618 394 1737 438 malis,

182 473 265 512 quae
290 460 386 498 bella
416 459 537 497 civilia
572 459 739 497 comitari
769 460 901 504 solent,
930 459 1020 497 satis
1047 459 1186 505 afflicti,
1217 464 1327 510 atque
1352 460 1489 497 idcirco
1513 459 1739 496 humiliores.

182 525 335 563 Utinam
353 524 435 561 illos
455 529 532 560 tam
550 524 643 561 bene
672 523 711 560 in
730 535 815 560 vera
835 523 1015 573 religione
1034 523 1224 561 institutos
1243 523 1478 568 invenissem,
1506 536 1618 574 quam
1636 535 1740 560 meos

180 588 431 628 Londinenses
451 592 489 624 et
508 587 736 626 Essexenses
755 587 956 625 successori
982 600 1067 625 meo
1085 587 1235 638 reliqui!
1281 588 1353 625 Sed
1377 593 1502 625 tamen
1521 600 1641 638 spero,
1663 587 1740 624 Do-

181 653 281 690 mino
311 652 420 689 dante
450 652 729 696 incrementum,
763 665 847 689 cum
876 657 1040 701 tempore
1065 651 1175 689 etiam
1201 651 1263 689 hic
1284 651 1439 688 multum
1467 651 1598 689 confici
1620 663 1741 701 posse.

183 716 364 754 Dominus
401 715 676 760 Dunelmensis,
714 715 776 766 qui
809 721 984 766 perpetuo
1013 721 1069 753 est
1103 715 1398 761 valetudinarius,
1432 728 1548 766 nuper
1584 715 1743 766 graviter

180 779 377 824 laboravit3
407 780 471 817 sed
493 780 571 829 jam
600 779 754 817 Domini
782 779 1013 829 benignitate
1039 780 1204 817 revaluit.

259 844 407 881 Bonum
435 844 457 881 J
462 844 610 888 uellum,
639 843 946 881 Sarisburiensem
974 842 1165 895 (eeclesiae
1184 848 1322 882 nostrae
1346 843 1454 893 juxta
1477 855 1611 881 nomen
1637 856 1741 880 suum

183 921 367 959 gemmam
386 913 424 945 et
452 907 603 945 unicum
627 906 903 958 ornamentum)
926 907 1022 945 circa
1045 907 1192 945 initium
1212 907 1385 946 Octobris
1403 907 1518 958 elapsi
1543 907 1742 953 amisimus,

183 972 237 1010 vel
256 971 377 1023 potius
393 971 653 1022 praemisimus.

261 1035 346 1073 Scio
364 1041 401 1073 te
420 1036 520 1073 nulla
538 1036 764 1082 curiositate,
784 1036 849 1073 sed
864 1049 909 1073 ex
929 1035 1010 1073 aliis
1028 1036 1159 1082 causis,
1179 1036 1233 1074 uti
1253 1036 1390 1082 scribis,
1406 1037 1633 1087 justissimis,
1653 1038 1744 1075 velle

183 1103 227 1139 de
244 1101 351 1139 rebus
368 1101 506 1138 nostris
524 1101 724 1152 aliquando
751 1101 885 1139 certior
914 1101 1005 1146 fieri,
1035 1102 1346 1152 quemadmodum
1375 1108 1412 1139 et
1439 1116 1507 1140 nos
1532 1103 1576 1140 de
1600 1102 1743 1147 vestris,

185 1166 452 1216 qualescunque
483 1165 558 1202 illae
592 1171 687 1210 sunt,
717 1165 840 1203 audire
868 1165 1056 1216 cupimus:
1102 1179 1226 1204 sumus
1257 1166 1356 1203 enim
1385 1167 1549 1217 ejusdem
1583 1166 1745 1217 corporis

184 1231 358 1268 membra.
414 1229 528 1280 Spero
554 1229 667 1280 igitur
692 1243 751 1267 me
776 1229 942 1280 posthac,
972 1230 1187 1280 compositis
1214 1230 1293 1281 jam
1311 1231 1432 1276 rebus,
1463 1231 1616 1281 singulis
1640 1230 1745 1268 annis

184 1294 239 1331 bis
257 1294 304 1331 ad
322 1294 530 1339 minimum,
544 1307 645 1331 more
658 1293 781 1339 solito,
793 1294 838 1331 ad
858 1293 1041 1331 nundinas
1062 1294 1203 1333 scilicet
1221 1300 1390 1345 utrasque
1404 1295 1434 1332 F
1435 1294 1746 1339 rancofordianas,

184 1359 230 1395 ad
241 1364 341 1395 tuam
360 1358 537 1409 pietatem
554 1358 785 1409 scripturum.
816 1358 890 1395 Res
909 1364 1049 1396 nostrae
1069 1359 1115 1396 ad
1131 1372 1312 1409 praesens,
1330 1373 1475 1397 summa
1494 1359 1565 1396 Dei
1579 1359 1746 1409 benigni—

184 1428 272 1467 tate,
301 1422 390 1459 satis
422 1427 508 1459 sunt
537 1422 773 1472 tranquillam
803 1436 912 1473 quum
943 1429 1067 1460 tamen
1089 1423 1126 1460 in
1150 1423 1222 1460 fine
1249 1423 1445 1473 superioris
1472 1423 1628 1468 aestatis,
1655 1422 1747 1460 nihil

183 1487 257 1524 tale
277 1487 518 1537 suspicantes,
540 1486 579 1523 in
598 1486 763 1524 maximo
783 1487 993 1525 discrimine
1011 1487 1200 1533 fuerimus,
1215 1493 1256 1524 ut
1274 1501 1320 1525 ex
1337 1488 1473 1539 scripto
1490 1488 1647 1539 quodam
1667 1488 1748 1525 istis

183 1551 337 1596 incluso,
356 1557 393 1587 et
411 1551 477 1588 sub
499 1550 668 1601 epistolae
688 1550 815 1596 forma,
841 1565 917 1589 non
942 1551 1019 1589 sine
1046 1552 1192 1602 publica
1216 1557 1340 1589 tamen
1361 1553 1592 1596 auctoritate,
1619 1557 1747 1589 nostra

184 1614 309 1664 lingua
329 1615 502 1664 evulgato
529 1619 566 1651 et
591 1614 629 1651 in
660 1615 835 1652 Latinum
857 1629 975 1660 verso,
999 1614 1128 1653 facileI
1155 1616 1336 1665 conjicere
1365 1617 1516 1666 poteris.
1573 1616 1745 1654 Guisiaca

186 1678 317 1728 proles,
350 1692 434 1729 quae
466 1692 504 1716 se
534 1679 672 1716 Scotiae
701 1679 868 1729 reginam
899 1685 1017 1724 vocat,
1043 1680 1121 1729 jam
1154 1679 1301 1717 arctiori
1329 1680 1510 1717 custodiae
1540 1681 1747 1731 deputatur.

185 1742 347 1780 Thomas
367 1743 441 1779 dux
461 1742 670 1781 Norfolciae
695 1744 741 1779 16
762 1742 871 1792 hujus
888 1744 1025 1781 mensis
1043 1743 1088 1780 ad
1103 1743 1268 1793 judicum
1282 1744 1454 1781 subsellia
1467 1745 1653 1782 adtractus
1666 1745 1749 1789 fuit,

186 1811 224 1842 ct
242 1806 290 1843 ob
309 1806 447 1844 crimen
465 1807 569 1844 laesae
588 1806 795 1857 majestatis
826 1807 972 1857 capitali
1001 1808 1184 1844 sententia
1208 1808 1486 1846 condemnatus.
1541 1809 1615 1846 Sed
1632 1823 1679 1847 an
1703 1809 1751 1847 sit

187 1870 285 1906 brevi
305 1870 349 1907 de
368 1883 413 1907 eo
432 1876 641 1908 extremum
660 1870 880 1921 supplicium
899 1872 1132 1917 sumendum,
1152 1884 1233 1916 nos,
1253 1871 1314 1922 qui
1333 1873 1379 1909 ab
1398 1873 1481 1910 aula
1497 1874 1624 1924 procul
1642 1873 1749 1911 absu-

186 1947 279 1979 mus,
298 1933 413 1971 adhuc
434 1934 663 1984 ignoramus
719 1934 795 1972 Alii
820 1935 983 1986 ejusdem
1008 1936 1290 1986 conspirationis
1309 1936 1401 1974 socii
1420 1937 1458 1975 in
1477 1937 1632 1975 vinculis
1651 1943 1748 1983 sunt,

187 1998 343 2035 similem
362 1999 479 2036 aleam
500 1999 665 2036 subituri.

265 2061 387 2100 Scotia
414 2069 566 2113 propter
591 2063 768 2101 intestina
797 2063 952 2101 dissidia
977 2071 1058 2103 toto
1083 2065 1154 2103 hoc
1179 2078 1275 2103 anno
1293 2065 1498 2103 miserrime
1516 2065 1651 2104 afflicta
1667 2067 1746 2106 fuit.

189 2125 287 2164 Nam
305 2133 391 2176 post
409 2133 565 2165 mortem
584 2128 607 2165 J
611 2128 717 2165 acobi
734 2129 897 2178 regentis
917 2135 1128 2180 surrogatus
1147 2129 1215 2167 fuit
1231 2143 1321 2167 avus
1339 2129 1441 2180 pueri
1459 2130 1569 2180 regis.
1618 2130 1657 2168 Is
1675 2131 1749 2169 fere

188 2195 273 2227 ante
293 2204 430 2228 annum
449 2204 570 2229 arcem
588 2192 939 2230 Dunbartonensem
952 2194 1249 2239 munitissimam,
1261 2194 1308 2231 ad
1324 2193 1457 2232 Cludae
1472 2194 1636 2232 fluminis
1655 2195 1750 2232 ostia

186 2254 358 2304 positam,
387 2261 499 2293 nocte
526 2256 687 2295 admotis
720 2258 828 2295 scalis
856 2263 894 2295 et
921 2258 1122 2296 interfectis
1154 2258 1440 2304 excubitoribus,
1471 2272 1516 2296 ex
1549 2258 1748 2309 improviso

189 2320 396 2369 occupavit,
424 2327 537 2371 atque
561 2320 878 2373 archiepiscopum
905 2322 942 2359 S.
965 2321 1129 2360 Andreae
1157 2322 1195 2360 in
1220 2323 1349 2360 eadem
1367 2323 1566 2368 inventum,
1595 2324 1656 2374 qui
1680 2323 1750 2361 fuit

188 2383 291 2421 ducis
322 2384 548 2422 Hamiltonii
577 2385 686 2423 frater
706 2386 855 2431 nothus,
884 2387 1082 2437 suspendio
1105 2387 1219 2425 vitam
1241 2387 1344 2424 finire
1373 2387 1507 2437 coegit.
1568 2387 1613 2425 In
1639 2387 1750 2438 hujus

188 2448 371 2498 suspendii
400 2449 578 2487 ultionem
604 2450 702 2488 circa
725 2450 871 2488 initium
896 2450 991 2488 Maii
1020 2451 1146 2502 elapsi,
1178 2451 1401 2489 Hamiltonii
1431 2465 1515 2489 cum
1544 2454 1619 2489 300
1649 2452 1748 2503 equi-

189 2511 287 2549 tibus
315 2518 426 2551 nocte
457 2513 680 2564 Sterlingum
718 2515 895 2565 oppidum
927 2515 1120 2562 intrarunt,
1159 2522 1270 2567 atque
1298 2516 1348 2553 ibi
1380 2529 1516 2553 novum
1552 2529 1678 2566 regem
1711 2516 1749 2554 in

187 2574 347 2625 hospitio
378 2590 444 2614 suo
475 2577 743 2628 apprehensum
781 2579 905 2617 statim
934 2580 1207 2618 interfecerunt.
1264 2580 1366 2618 Huic
1392 2580 1565 2618 suffectus
1598 2586 1654 2618 est
1685 2593 1750 2630 per

188 2638 311 2688 regios
337 2653 461 2678 comes
487 2641 531 2678 de
557 2642 653 2687 Mar,
674 2643 728 2679 vir
752 2643 884 2688 bonus,
916 2644 981 2681 sed
1003 2657 1081 2681 non
1107 2644 1302 2682 admodum
1325 2650 1472 2695 potens.
1527 2644 1750 2682 Grassantur

189 2701 304 2751 igitur
328 2703 431 2740 Scoti
453 2704 549 2742 inter
577 2719 616 2743 se
645 2706 809 2744 caedibus
837 2707 989 2752 mutuis,
1017 2707 1055 2744 in
1082 2708 1256 2758 plurimas
1277 2707 1460 2745 factiones
1489 2712 1567 2745 tum
1585 2706 1752 2758 publicas

188 2771 265 2802 tum
284 2766 441 2816 privatas
461 2769 578 2807 divisi.
634 2769 710 2814 Qui
727 2783 794 2821 pro
816 2771 963 2821 Regina
981 2777 1091 2816 stant,
1112 2772 1370 2821 Edinburgum
1387 2777 1423 2808 et
1441 2784 1561 2808 arcem
1581 2771 1745 2819 ejusdem

189 2837 422 2879 occuparunt.
480 2833 590 2883 Regii
615 2834 764 2883 Lytam,
791 2841 940 2885 portum
966 2836 1228 2886 propinquum,
1250 2835 1487 2873 muniverunt
1512 2841 1550 2872 et
1572 2834 1747 2884 praesidio

192 2892 390 2932 firmarunt.
446 2894 580 2934 Arcem
619 2897 938 2949 Edinburgensem
974 2899 1135 2937 Jacobus
1166 2912 1299 2950 regens
1336 2898 1555 2937 Kirkcaldio
1588 2897 1753 2943 cuidam„

866 2977 888 3012 [¹
910 2978 972 3005 MS.
984 2977 1111 3012 facem]
