1845 3233
146 125 319 183 cxxxv]
358 141 604 169 ELIZABETHA
627 142 773 169 RefflNA
797 141 851 167 An
872 140 1085 166 Taesoacm
1110 140 1311 167 cANroNsss
1335 139 1560 166 HELVETIAE.
1621 124 1704 170 197

147 256 312 307 Angfiae,
345 257 544 308 majoribus
575 258 724 302 nostris,
756 271 840 295 cum
871 257 1064 308 spectabili
1101 262 1212 307 gente
1249 262 1368 294 vestra
1401 255 1621 300 intercessit,
1662 268 1708 292 ne

149 321 275 358 salutis
302 322 455 372 privatae
483 327 617 359 vestrae
646 322 879 371 negligentes
906 322 1003 359 sitis.

226 385 287 422 Sic
319 386 418 423 enim
446 386 488 424 P.
514 386 559 424 V.
585 386 794 423 existimare
824 386 1011 431 convenit,
1042 385 1080 422 in
1111 385 1304 423 obsidione
1332 385 1604 422 Genevensium
1634 385 1708 434 peti

145 448 376 487 obsidionem
407 457 609 488 vestrarum
639 450 813 500 cujusque
847 450 1060 496 civitatum3
1102 450 1141 486 in
1174 450 1320 487 excidio
1355 449 1450 486 illius
1484 449 1582 486 urbis
1616 449 1707 486 verti

146 512 437 552 internecionem
469 515 634 552 omnium
668 520 842 552 vestrum.
911 514 1120 551 Periculum
1152 514 1295 551 faciatis
1330 513 1416 550 licet
1448 527 1494 551 ex
1529 514 1586 558 iis,
1622 528 1708 564 quoe

147 576 186 613 in
210 584 358 615 nosmet
380 593 568 631 regnaque
593 584 732 623 nostra,
763 592 920 629 quaeque
945 579 1024 628 jam
1044 592 1141 616 nunc
1170 579 1208 615 in
1239 578 1543 615 florentissimum
1574 578 1709 615 Galliae

146 654 303 691 regnum
323 642 420 680 idem
439 657 504 681 rex
525 643 687 688 molitur,
714 648 849 693 praeter
872 643 1119 693 impotentem
1143 642 1360 680 dominandi
1378 641 1568 679 libidinem
1585 656 1592 686 ;
1627 655 1709 680 cum

147 706 239 743 nihil
266 707 384 744 subsit
411 714 474 746 aut
503 709 651 746 subesse
679 713 800 758 queat,
827 707 925 757 quod
954 708 999 744 ab
1023 707 1133 744 armis
1157 706 1347 744 movendis
1373 712 1409 742 et
1435 707 1709 749 consociandis,

147 783 212 819 per
228 783 358 808 omnes
375 771 450 809 fere
475 772 571 809 orbis
594 771 711 808 nostri
737 770 977 808 occidentalis
997 778 1129 821 partes,
1156 771 1293 808 nullam
1313 770 1383 820 ipsi
1402 770 1568 820 requiem
1589 784 1708 821 neque

147 834 313 873 diurnam
346 849 465 887 neque
494 843 714 874 nocturnam
743 836 942 886 impartiat.
1016 836 1114 881 Quae
1151 842 1277 873 tamen
1315 847 1416 871 arma
1448 835 1580 872 frustra
1616 836 1711 873 inter

145 911 213 935 nos
241 900 482 946 consociabit,
510 906 620 951 atque
645 900 683 937 in
708 912 776 936 nos
801 898 933 937 frustra
954 900 1129 945 movebit,
1152 900 1182 937 si
1205 899 1346 949 junctis
1368 899 1514 944 animis,
1542 913 1607 950 pro
1638 900 1710 938 fide

145 963 240 1000 inter
257 976 323 1001 vos
338 964 424 1001 data
442 971 679 1015 acceptaque,
698 976 773 1000 non
792 963 905 1000 dissui
926 971 1064 1002 vestras
1083 963 1263 1000 amicitias
1284 969 1321 1000 et
1339 964 1423 1012 conj
1431 964 1625 1001 unctiones
1645 978 1709 1014 pa-

145 1027 301 1066 tiamini.
339 1028 384 1066 In
399 1028 470 1067 hoc
488 1029 587 1066 enim
609 1042 683 1066 uno
702 1027 823 1079 posita
841 1033 928 1065 sunt
946 1034 1026 1064 tum
1041 1041 1344 1078 quorumcunque
1366 1028 1528 1065 hostium
1548 1030 1710 1066 maxima

145 1092 320 1142 praesidia
354 1105 610 1143 armorumque
646 1098 845 1137 momenta,
877 1098 955 1128 tum
988 1092 1172 1141 justarum
1209 1105 1514 1143 quarumcunque
1552 1092 1711 1130 defensi-

146 1169 259 1193 onum
286 1156 485 1194 fortissima
512 1156 789 1207 propugnacula
819 1156 1134 1207 munimentaque.
1191 1155 1248 1193 Ac
1278 1157 1315 1193 in
1346 1161 1537 1206 utramque
1571 1164 1711 1207 partem

145 1227 332 1258 tantarum
359 1221 492 1259 virium
521 1235 605 1259 cum
635 1221 683 1257 sit
711 1220 781 1258 hoc
809 1233 924 1257 unum
954 1227 1078 1271 caput,
1105 1233 1306 1271 omnesque
1331 1220 1474 1270 ingenii
1502 1221 1557 1258 sui
1582 1234 1713 1259 nervos

147 1285 219 1323 huc
237 1285 440 1330 intendant,
462 1286 523 1336 qui
549 1285 646 1323 vinci
667 1299 707 1322 se
727 1285 899 1335 cupidine
917 1285 1095 1334 regnandi
1115 1285 1328 1335 patiuntur3
1359 1285 1478 1322 cautis
1497 1298 1562 1322 vos
1580 1286 1714 1322 animis

147 1362 228 1386 esse
259 1355 417 1400 oportet,
451 1351 512 1400 qui
544 1350 650 1387 istius
680 1348 860 1386 beneficio
892 1348 1029 1385 multos
1054 1349 1133 1398 jam
1166 1361 1283 1385 annos
1315 1349 1352 1385 in
1385 1349 1552 1386 libertate
1582 1350 1715 1393 vivitis,

150 1414 187 1450 in
219 1427 330 1464 quam
361 1414 520 1464 majores
552 1414 660 1451 vestri
689 1426 756 1450 sua
788 1413 923 1450 virtute
955 1412 1184 1450 vindicarunt
1214 1425 1291 1456 vos,
1326 1426 1436 1462 quam
1469 1413 1571 1450 vobis
1608 1427 1717 1464 supra

149 1478 300 1515 modum
320 1478 486 1515 invident
505 1478 650 1529 superbi
671 1477 936 1514 dominatores.
971 1477 1027 1514 Ea
1045 1477 1075 1514 si
1096 1477 1363 1528 inperpetuum
1383 1477 1464 1522 frui,
1485 1478 1715 1528 posterisque

149 1542 277 1579 vestris
295 1548 471 1593 tanquam
500 1542 771 1579 haereditariam
799 1541 1046 1578 transmittere
1074 1541 1256 1585 mavultis,
1276 1554 1385 1591 quam
1413 1554 1594 1579 servorum
1614 1555 1716 1580 more

147 1606 186 1642 in
211 1606 376 1643 illiberali
405 1607 580 1644 servitute
605 1607 735 1652 vivere,
763 1606 948 1643 cavendus
975 1612 1032 1642 est
1059 1605 1164 1642 vobis
1190 1604 1248 1642 hic
1275 1606 1412 1655 primus
1444 1605 1617 1656 impetus,
1647 1620 1715 1645 nec

146 1683 250 1707 aures
286 1671 615 1709 accommodandae
656 1670 832 1720 captiosis
874 1670 1067 1714 illecebris,
1106 1681 1303 1713 memores,
1337 1668 1454 1706 multo
1486 1669 1609 1719 plures
1638 1672 1714 1708 vul—

147 1735 290 1785 peculae
321 1735 447 1772 fraude
479 1736 655 1786 deceptos
688 1748 799 1785 quam
833 1734 943 1772 armis
975 1734 1168 1772 devinctos
1200 1732 1415 1770 concidisse.
1485 1734 1713 1786 Certumque

146 1798 332 1843 habetote,
362 1805 403 1836 ut
431 1800 666 1850 antiquorum
694 1798 876 1836 foederum
900 1797 1016 1843 fucus,
1043 1798 1229 1836 diuturnae
1260 1797 1437 1834 amicitiae
1463 1798 1711 1847 simulacrum,

146 1862 351 1900 officiorum
387 1863 425 1900 in
456 1864 617 1914 speciem
654 1862 798 1900 oblatus
833 1875 921 1899 usus
958 1862 1108 1900 obtendi
1143 1867 1277 1913 queat;
1323 1861 1444 1899 nullas
1474 1868 1599 1900 tamen
1632 1877 1713 1902 esse.

146 1928 290 1978 pejores
321 1932 360 1964 et
390 1928 512 1978 magis
541 1927 716 1978 capitales
748 1926 974 1971 inimicitias,
1004 1939 1112 1977 quam
1149 1939 1235 1976 quae
1268 1925 1383 1962 latent
1412 1926 1448 1963 in
1477 1927 1713 1967 simulatione

150 1991 273 2029 officii.

224 2056 280 2094 Ac
311 2057 341 2094 si
372 2057 458 2094 licet
490 2057 528 2094 in
561 2056 737 2107 opinione
768 2053 961 2092 hominum
997 2055 1142 2093 modica
1172 2068 1230 2093 res
1268 2061 1305 2093 et
1342 2055 1495 2093 minoris
1531 2058 1710 2094 momenti

146 2121 275 2159 civitas
311 2120 600 2166 Genevensium,
635 2120 689 2157 uti
721 2119 923 2157 Corinthus
952 2120 1139 2169 quondam
1168 2120 1265 2170 apud
1292 2119 1468 2165 Achaeos,
1500 2126 1537 2157 et
1564 2119 1713 2159 Chalcis

147 2185 244 2236 apud
270 2185 448 2230 Euboeos,
469 2191 506 2222 et
531 2184 738 2222 Demetrias
759 2185 855 2234 apud
880 2184 1097 2228 Thessalos;
1130 2190 1270 2230 tamen,
1298 2190 1339 2221 ut
1365 2184 1439 2221 illae
1465 2184 1583 2221 totius
1607 2186 1712 2223 Grae-

149 2249 231 2294 ciue,
257 2249 309 2286 sic
334 2249 568 2287 Genevenses
595 2249 640 2285 ab
670 2248 841 2298 Hispano
870 2248 1040 2286 Sabaudo
1067 2248 1224 2294 subacti,
1248 2248 1445 2286 verendum
1471 2255 1539 2293 est,
1558 2261 1605 2285 ne
1630 2250 1711 2287 uni-

148 2326 264 2351 versae
301 2313 494 2351 foederatae
532 2313 656 2363 gentis
692 2320 823 2349 vestroe
866 2313 1061 2362 compedes
1098 2312 1212 2350 futuri
1250 2312 1335 2349 sint.
1408 2311 1589 2350 Naturam
1629 2313 1712 2358 loci,

146 2378 294 2428 spiritus
322 2383 360 2414 et
387 2377 532 2414 animos
562 2376 693 2422 hostis,
723 2376 839 2426 ipsius
864 2376 1068 2427 potentiam
1094 2376 1352 2426 magnitudine
1382 2389 1447 2413 sua
1472 2375 1712 2422 laborantem,

147 2455 232 2480 cum
260 2441 429 2492 angustis
456 2441 587 2479 vestris
614 2442 721 2478 rebus
749 2447 972 2491 comparate.
1038 2441 1113 2486 Qui
1139 2441 1176 2478 S.
1204 2441 1249 2478 R.
1277 2440 1315 2478 F.
1346 2441 1531 2491 majestati
1561 2441 1710 2488 invidet,

147 2506 208 2558 qui
245 2512 373 2543 contra
409 2506 610 2555 Belgarum
647 2519 758 2556 supra
793 2505 926 2555 viginti
958 2506 1036 2555 jam
1073 2519 1191 2542 annos
1227 2505 1380 2542 dimicat
1416 2505 1615 2553 libertates,
1649 2507 1712 2557 qui

147 2570 280 2608 Galliae
311 2583 429 2620 regno
461 2569 663 2611 insidiatur,
695 2569 758 2619 qui
792 2569 1010 2607 diadematis
1038 2569 1156 2607 nostri
1188 2568 1246 2606 siti
1279 2569 1487 2614 conficitur,
1521 2582 1606 2607 eum
1638 2583 1713 2608 cre-

149 2635 258 2672 dibile
296 2640 351 2671 est
385 2647 462 2672 non
496 2635 631 2672 eversis
663 2633 825 2684 antiquis
858 2634 1004 2683 juribus
1036 2634 1178 2678 vestris,
1213 2634 1371 2684 legibuS,
1408 2634 1576 2671 libertate
1613 2635 1714 2685 quie-

145 2698 300 2736 turum?
355 2698 468 2744 Quod
497 2712 570 2748 quo
607 2697 709 2735 vobis
738 2697 920 2735 funestius
950 2704 988 2734 et
1016 2697 1124 2735 nobis
1153 2697 1292 2735 tristius
1323 2697 1576 2747 spectaculum
1606 2697 1713 2742 foret,

147 2777 192 2800 eo
225 2776 290 2800 vos
318 2763 429 2800 etiam
465 2769 574 2812 atque
606 2762 717 2799 etiam
749 2773 944 2798 monemus
975 2773 1235 2811 rogamusque,
1263 2761 1344 2798 sitis
1375 2761 1413 2797 in
1445 2774 1526 2798 eam
1556 2774 1631 2798 rem
1664 2775 1713 2799 ne

147 2827 291 2864 eveniat
321 2826 462 2877 providi
500 2827 718 2876 intentique,
755 2831 796 2862 ut
832 2826 876 2862 de
913 2825 1096 2875 dignitate
1133 2831 1254 2862 vestra
1287 2825 1443 2875 pristina
1472 2826 1714 2876 libertateque

146 2897 361 2929 conservata
404 2890 505 2927 vobis
552 2890 708 2927 invicem
761 2889 1002 2939 gratulantes,
1046 2889 1173 2926 amicis
1223 2890 1352 2927 vestris
1404 2889 1551 2936 solatio,
1588 2890 1717 2926 vicinis

147 2955 330 3006 praesidio,
365 2955 519 3006 posteris
551 2961 692 2992 aeterno
727 2955 979 2992 emolumento
1019 2967 1097 2990 esse
1131 2954 1283 3004 queatis.
1357 2953 1400 2990 In
1437 2953 1531 2991 lianc
1567 2966 1712 2991 arenam]
