1845 3233
111 150 212 207 c1v.]
568 165 621 192 An
648 164 857 192 HENRICUM
889 162 1187 191 BULLINGERUM.
1602 147 1684 190 159

113 282 274 320 nobilem
303 293 411 332 quem
436 280 528 319 mihi
552 280 832 320 commendasti.
887 280 938 317 Et
963 280 995 317 si
1023 291 1173 330 possum
1205 277 1309 315 illum
1334 289 1407 328 qua
1431 276 1469 314 in
1491 288 1529 314 re
1554 275 1682 326 juvare

113 346 204 384 citra
228 359 353 384 meum
383 345 659 384 incommodum
691 350 755 383 aut
782 344 1006 389 molestiam,
1036 350 1077 380 ut
1109 343 1216 394 petis,
1250 341 1505 380 lubentissime
1534 339 1679 378 faciam.

114 411 301 449 Praeterea
324 410 406 449 haec
435 411 583 461 adjicio,
613 415 655 448 ut
680 409 747 447 tibi
775 408 997 459 significem,
1027 408 1115 458 quid
1146 420 1323 445 novarum
1354 419 1477 444 rerum
1509 404 1633 456 accepi
1661 417 1681 440 e

114 475 316 514 Germania
338 474 521 520 inferiore,
548 487 636 526 quae
659 479 716 512 est
739 473 806 510 sub
824 472 965 510 ditione
986 472 1086 522 regis
1110 471 1294 522 Philippi:
1326 483 1470 520 nempe,
1494 468 1683 520 quomodo

114 540 151 576 in
183 539 256 576 fine
286 539 415 577 Martii
440 539 607 590 proxime
639 537 820 590 praeteriti
849 537 984 574 nobilis
1011 536 1162 587 quidam
1194 536 1362 586 Belgius‚
1393 534 1544 572 nomine
1571 534 1683 572 Mon-

113 604 209 642 sieur
222 603 379 650 Lumen,
400 604 535 642 invasit
553 604 680 642 urbem
695 602 880 654 quandam
895 601 1117 639 maritimam
1136 601 1175 639 in
1190 600 1396 638 Hollandia
1413 600 1552 637 dictum
1571 600 1682 643 Brill,

113 673 151 705 et
172 668 207 706 vi
234 669 373 706 ademit
396 669 442 705 ab
471 668 684 706 obedientia
703 667 865 718 Philippi
889 665 1000 716 regis.
1056 665 1201 703 Deinde
1223 665 1335 703 etiam
1363 665 1462 702 mille
1491 664 1684 714 Hispanos

113 737 151 769 et
179 732 323 771 W'allos
349 732 534 783 (subditos
558 733 659 783 regis
686 732 849 782 Philippi
878 730 1066 781 intelligo)
1094 731 1156 782 qui
1185 731 1364 768 Gallicam
1391 731 1590 780 loquuntur
1616 728 1684 766 lin-

113 810 237 847 guam,
268 798 306 835 in
338 797 467 835 urbem
496 797 631 835 dictam
664 797 904 846 Middelburg
934 796 1092 833 intrasse
1122 795 1345 846 accepimus,
1377 808 1516 845 eosque
1552 794 1590 830 in
1625 793 1685 831 via

113 861 353 913 depopulatos
385 862 498 899 fuisse
526 875 664 912 pagum
692 861 876 914 quendam
903 860 1092 898 Zelandiae
1123 860 1262 898 dictum
1290 859 1442 897 Armne.
1498 858 1568 896 Est
1593 871 1683 908 quo-

112 939 182 977 que
214 940 235 964 e
267 927 388 964 Gallia
420 933 458 964 et
482 926 626 976 Anglia
651 932 688 964 et
721 939 767 964 ex
799 926 881 964 aliis
911 925 1126 976 regionibus
1159 924 1325 961 finitimis
1357 936 1496 974 magna
1524 922 1683 960 militum

114 992 220 1029 turba
249 991 405 1029 collecta
435 991 474 1029 111
507 990 754 1042 Flusshinga;
787 997 826 1028 at
858 988 950 1027 nihil
980 989 1101 1027 adhuc
1128 988 1257 1040 magni
1288 987 1397 1025 audio
1427 993 1576 1038 gestum
1605 1000 1685 1025 esse

113 1057 159 1094 ab
193 1055 375 1106 Hispanis
407 1055 581 1094 adversus
614 1055 698 1093 illos
727 1055 789 1107 qui
819 1061 905 1092 sunt
938 1054 976 1091 in
1005 1054 1187 1105 praedicta
1220 1053 1337 1091 Brilla
1361 1057 1425 1090 aut
1451 1051 1684 1103 Flusshinga,

112 1120 180 1158 nisi
206 1120 305 1170 quod
327 1120 512 1171 posterius
538 1121 700 1159 dicetur:
737 1120 802 1158 sed
820 1119 1006 1171 perbrevis
1031 1119 1178 1170 quidem
1204 1116 1414 1155 exhortatio
1437 1116 1547 1154 allata
1569 1130 1688 1168 nuper

113 1183 185 1222 huc
215 1190 294 1222 erat
322 1197 342 1222 e
370 1185 554 1230 Fhmdria,
582 1185 761 1236 impressa
789 1190 866 1222 tam
893 1183 1036 1221 Gallica
1060 1196 1171 1234 quam
1198 1182 1355 1232 Belgica
1382 1181 1523 1231 lingua,
1550 1181 1589 1218 in
1616 1195 1688 1232 qua

112 1248 283 1300 princeps
314 1248 494 1301 Orangiae
527 1263 616 1288 usus
649 1255 706 1287 est
735 1249 866 1287 iisdem
894 1248 1011 1286 titulis
1044 1247 1234 1298 dignitatis
1265 1251 1304 1283 et
1335 1246 1577 1292 auctoritatis,
1605 1247 1687 1297 qui-

112 1313 180 1350 bus
210 1326 297 1351 usus
329 1319 386 1351 est
410 1314 449 1351 in
480 1314 651 1352 inferiore
682 1314 882 1353 Germania
908 1319 993 1351 ante
1019 1327 1126 1351 suum
1157 1312 1334 1356 exilium3
1366 1310 1568 1362 suadetque
1601 1310 1687 1348 Bel-

116 1377 234 1427 gicOS,
268 1378 331 1429 qui
360 1379 439 1429 jam
472 1378 695 1417 obstiterunt
731 1379 928 1430 Hispanis,
967 1384 1032 1416 aut
1063 1391 1164 1416 nunc
1197 1382 1262 1414 aut
1293 1388 1486 1427 nunquam
1519 1376 1616 1414 viros
1649 1389 1689 1413 se

112 1443 281 1492 praebere
308 1448 438 1481 contra
462 1443 696 1494 tyrannidem
722 1449 760 1480 et
783 1443 940 1493 injustas
965 1443 1181 1480 exactiones
1207 1441 1476 1493 Hispanorum,
1496 1445 1534 1477 et
1557 1446 1689 1478 contra

114 1506 308 1557 episcopos
333 1508 412 1557 ejus
441 1508 605 1558 regionis
635 1512 673 1545 et
702 1507 853 1546 clericos
876 1507 1070 1546 consocios
1096 1507 1273 1551 istorum3
1309 1505 1562 1556 hortaturque,
1591 1505 1622 1542 si
1648 1518 1688 1542 se

114 1570 211 1608 viros
233 1577 411 1621 praestare
436 1571 565 1616 velint,
591 1571 701 1610 facile
725 1584 912 1610 removere
935 1585 1044 1623 posse
1071 1584 1182 1622 grave
1199 1571 1335 1621 jugum
1363 1570 1561 1616 servitutis,
1589 1570 1690 1621 quod

114 1634 190 1671 dux
213 1633 323 1673 Albae
352 1648 436 1673 cum
464 1635 630 1686 praefatis
661 1636 842 1687 Hispanis
872 1642 910 1674 et
939 1636 1123 1688 episcopis
1145 1635 1381 1686 iniquissime
1403 1634 1690 1685 superimposuit

114 1697 198 1744 illis,
219 1712 294 1737 non
314 1699 434 1737 solum
452 1704 583 1737 contra
600 1700 864 1750 rempublicam
882 1700 940 1738 vel
958 1712 1195 1737 communem
1215 1699 1379 1749 ejusdem
1402 1698 1569 1750 regionis
1593 1698 1687 1736 salu-

116 1768 205 1807 tem,
240 1775 366 1800 verum
396 1763 508 1801 etiam
538 1769 667 1801 contra
699 1762 878 1801 honorem
911 1769 948 1801 et
977 1763 1088 1800 fidem
1120 1762 1222 1813 regis
1260 1762 1436 1814 Philippi.
1505 1763 1689 1800 Praeterea

116 1825 286 1876 proximo
314 1840 442 1865 mense
470 1827 577 1865 Maio
605 1827 796 1879 praeterito
824 1828 909 1865 urbs
928 1827 1101 1866 Valentia
1127 1827 1166 1865 in
1194 1828 1374 1866 comitatu
1398 1827 1616 1865 Hannoniae
1650 1828 1689 1865 111

118 1889 239 1927 Gallia
258 1891 415 1941 Belgica
433 1892 569 1930 defecit
586 1893 632 1930 ab
659 1892 813 1942 imperio
836 1891 983 1943 praefati
1005 1892 1108 1929 ducis
1134 1891 1258 1937 Alvae,
1288 1892 1472 1943 ejecitque
1498 1892 1689 1941 Hispanos

119 1960 156 1992 et
187 1954 379 2004 primarios
405 1969 534 1994 omnes
559 1956 624 2007 qui
651 1956 790 1994 ibidem
814 1956 1054 2006 praefuerunt,
1084 1961 1121 1993 et
1147 1969 1257 2006 passa
1281 1963 1339 1995 est
1362 1956 1536 1995 comitem
1566 1956 1688 1994 Lodo-

119 2019 255 2065 vicum,
281 2019 429 2057 fratrem
456 2020 635 2071 principis
661 2020 854 2070 Orangiae,
880 2033 965 2058 cum
990 2020 1184 2070 octoginta
1204 2021 1264 2059 vel
1291 2022 1390 2059 mille
1415 2020 1567 2058 armatis
1594 2021 1689 2058 mili-

118 2084 216 2122 tibus
237 2083 414 2136 (quorum
431 2085 597 2122 maxima
617 2098 702 2136 pars
727 2091 815 2123 sunt
840 2083 957 2136 Galli)
984 2085 1121 2122 intrare
1141 2090 1180 2122 et
1204 2085 1347 2124 munire
1373 2085 1500 2123 urbem
1519 2085 1564 2122 ad
1584 2097 1690 2122 usum

119 2148 217 2198 regis
252 2147 427 2199 Philippi,
462 2150 515 2186 uti
547 2149 785 2194 simulabant,
811 2149 1069 2186 auctoritatem
1095 2153 1220 2186 tamen
1250 2149 1354 2187 ducis
1384 2149 1495 2187 Albae
1518 2149 1576 2187 vel
1603 2162 1691 2187 con-

120 2212 305 2250 sociorum
343 2226 419 2250 non
453 2213 674 2264 suscipiunt.
739 2212 813 2250 Sed
845 2226 891 2250 ex
921 2226 966 2250 eo
993 2218 1172 2263 tempore,
1204 2213 1290 2264 quia
1322 2213 1411 2251 dicti
1442 2213 1579 2251 milites
1613 2227 1690 2251 non

120 2282 427 2327 expugnaverunt
450 2291 572 2315 arcem
601 2278 805 2324 Valentiae,
830 2278 950 2316 coacti
980 2283 1065 2315 sunt
1089 2277 1173 2314 inde
1201 2277 1333 2315 iterum
1358 2277 1549 2328 aufugere,
1570 2284 1607 2316 et
1632 2292 1691 2315 rc-

122 2341 286 2391 linquere
309 2342 436 2379 urbem
462 2343 546 2380 duci
565 2348 603 2380 ct
624 2341 802 2379 militibus
823 2341 912 2389 suis,
937 2342 1000 2393 qui
1027 2342 1235 2394 nuperrime
1261 2343 1379 2380 multo
1407 2343 1556 2393 agmine
1581 2356 1692 2381 vene-

121 2412 217 2443 runt.

202 2469 347 2508 Deinde
374 2484 438 2521 pro
468 2477 569 2509 certo
594 2470 805 2521 accepimus
829 2471 956 2508 urbem
985 2472 1171 2522 quandam
1192 2472 1330 2510 dictam
1357 2471 1513 2518 Phenlo,
1533 2486 1617 2524 quae
1636 2479 1693 2511 est

123 2534 373 2571 minutissima
391 2535 475 2572 urbs
495 2536 532 2572 111
550 2534 711 2579 Geldria,
730 2534 912 2572 remisisse
929 2548 1075 2586 quoque
1093 2535 1264 2573 nuntium
1283 2536 1366 2574 duci
1384 2536 1492 2574 Alvae
1508 2551 1515 2580 ;
1545 2543 1582 2574 et
1599 2537 1695 2575 sicut

124 2598 241 2636 Brilla
259 2604 296 2635 et
315 2598 531 2649 Flushinga,
554 2599 606 2636 sic
631 2599 765 2636 multas
788 2599 879 2636 alias
900 2600 1009 2636 urbes
1027 2599 1066 2637 in
1084 2599 1256 2638 inferiore
1280 2601 1479 2639 Germania
1500 2601 1693 2646 defecisse,

123 2669 161 2699 et
189 2663 320 2700 ducem
345 2662 453 2700 Alvae
478 2663 677 2713 deliquisse
703 2663 750 2700 ob
775 2663 1005 2713 tyrannidem
1034 2677 1105 2714 qua
1130 2677 1216 2701 usus
1241 2671 1296 2702 est
1321 2665 1458 2702 ibidem
1482 2665 1540 2703 his
1572 2667 1694 2716 proxi-

124 2728 194 2765 mis
222 2727 341 2764 annis.
399 2727 598 2773 Praeterea,
629 2733 669 2764 ut
691 2726 783 2764 mihi
810 2740 876 2777 pro
905 2733 1006 2765 certo
1034 2728 1249 2766 nunciatum
1278 2735 1346 2775 cst,
1375 2729 1434 2767 hic
1464 2730 1501 2767 in
1527 2729 1693 2768 Thamisi

122 2798 249 2830 nostro
274 2791 496 2843 appulerunt
520 2791 702 2829 naviculae
730 2792 816 2829 duae
844 2791 1022 2842 profectae
1046 2806 1067 2829 a
1093 2792 1326 2845 Flusshinga‚
1352 2795 1390 2832 in
1412 2795 1544 2846 quibus
1570 2796 1693 2833 allatam

124 2863 212 2893 sunt
248 2857 379 2902 literae,
409 2856 663 2907 significantes
691 2856 909 2907 quibusdam
946 2856 1109 2907 Belgicis
1142 2857 1200 2895 hic
1235 2859 1484 2903 manentibus,
1516 2872 1695 2910 magnum

122 2920 235 2958 fuisse
261 2922 392 2959 navale
420 2921 592 2973 proelium
618 2920 750 2957 ultima
768 2920 999 2958 hebdomada
1021 2921 1060 2958 in
1082 2921 1156 2959 oris
1181 2921 1362 2961 inferioris
1382 2924 1593 2962 Germani-<e
1620 2938 1695 2961 non

125 2986 251 3035 procul
279 3000 302 3023 a
332 2986 452 3025 Sluce.
516 2984 754 3035 Flusshingae
779 2985 891 3031 cives,
919 2999 1075 3037 quorum
1098 2986 1154 3024 vis
1182 2999 1280 3026 nunc
1305 2994 1342 3026 et
1367 2989 1535 3039 potentia
1562 2989 1600 3026 in
1633 2989 1695 3026 ad-
