1845 3233
94 143 217 201 xxx.]
618 160 671 186 AD
705 159 867 186 PETRUM
904 158 1145 185 MARTYREM.
1610 146 1663 185 41

91 276 261 314 eeclesiae
298 275 381 314 aliae
416 276 600 321 finitimae,
631 277 695 314 sed
733 275 847 313 etiam
885 275 998 325 longe
1034 275 1234 324 disjunctae
1264 274 1447 318 civitates,
1478 281 1672 324 coeperunt

90 340 188 377 idem
220 340 435 378 institutum
467 341 637 379 certatim
671 346 856 392 expetere.
911 338 1021 377 Nune
1053 339 1099 376 ad
1136 352 1280 376 crucem
1315 338 1421 376 Pauli
1454 338 1578 375 videas
1611 339 1668 375 in-

88 404 233 441 terdum
263 417 326 442 sex
357 404 549 442 hominum
578 404 705 450 millia,
738 404 842 441 finita
868 404 1060 448 concione,
1092 416 1215 447 senes,
1245 416 1392 454 pucros,
1421 402 1669 449 mulierculas,

88 480 161 505 una
190 481 338 514 canere,
368 474 406 507 et
434 469 582 507 laudare
621 469 756 506 Deum.
814 468 857 505 Id
890 468 1078 505 sacrificos
1115 473 1153 504 et
1186 466 1374 504 diabolum
1408 480 1510 517 segre
1543 466 1668 504 habet.

89 532 228 569 Vident
259 533 358 570 enim
391 546 513 571 sacras
547 533 748 571 conciones
781 531 853 569 lioc
883 538 994 582 paeto
1026 531 1241 583 profundius
1274 531 1499 568 descendere
1530 531 1567 568 in
1599 530 1667 569 ho—

87 596 230 633 minum
259 597 420 643 animos,
456 603 493 635 et
530 598 576 635 ad
607 597 774 648 singulos
808 609 901 647 pene
931 609 1106 634 numeros
1140 596 1299 634 convelli
1329 602 1367 633 et
1403 596 1551 633 concuti
1583 610 1668 647 reg-

89 673 177 698 num
208 674 328 699 suum.
394 661 501 700 Nihil
536 668 663 699 tamen
696 660 846 706 habent,
882 660 981 711 quod
1007 661 1090 711 jure
1127 674 1170 698 ae
1208 660 1343 698 merito
1375 660 1478 711 queri
1509 660 1668 711 possint.

89 724 222 763 Missae
251 726 351 764 enim
380 732 508 764 nostra
535 726 716 763 memoria
740 737 930 776 nunquam
962 730 1068 762 erant
1098 725 1134 762 in
1165 725 1296 776 majori
1325 725 1468 776 pretio:
1507 725 1668 776 singulte

87 789 187 827 enim
215 803 314 829 nune
341 791 589 835 aestimantur,
611 791 649 828 in
671 790 817 840 singula
840 794 1088 840 spectatorum
1113 790 1248 841 capita,
1275 803 1353 827 non
1381 789 1537 827 minoris
1556 802 1667 840 quam

87 855 256 892 ducentis
285 856 483 894 coronatis.
537 856 646 894 Vitus
676 860 776 899 tuus,
804 854 866 905 qui
895 854 948 891 ita
979 854 1135 891 candide
1165 859 1203 891 et
1228 854 1346 892 amice
1375 854 1413 890 in
1444 860 1482 891 te
1510 854 1669 904 scripsit,

84 926 252 957 mortuus
278 926 347 966 est,
373 921 495 965 credo,
527 934 573 958 ex
602 919 725 964 rabie;
757 924 794 956 ct
823 918 972 968 religio,
1003 918 1102 969 quod
1130 919 1285 963 mireris,
1316 917 1429 955 habet
1457 917 1575 956 nihilo
1605 919 1667 957 dc-

85 983 210 1021 terius.
280 984 326 1022 ld
360 985 550 1022 hominem
588 984 790 1036 patientem
823 983 917 1020 male
949 982 1089 1029 habuit,
1124 983 1223 1033 quod
1257 982 1398 1020 videret
1432 996 1470 1020 se
1507 996 1667 1034 suosque

87 1048 233 1097 publice
262 1049 371 1086 rideri
401 1063 423 1086 a
449 1049 584 1100 pueris.

167 1113 206 1150 Si
237 1113 358 1151 Julius
389 1120 520 1151 noster
556 1114 601 1151 ad
634 1127 702 1151 nos
740 1113 876 1157 veniat,
911 1112 1004 1149 nihil
1034 1112 1086 1149 illi
1121 1125 1143 1149 a
1179 1125 1239 1149 1110
1275 1125 1396 1162 neque
1433 1112 1479 1148 ad
1511 1111 1665 1157 victum,

88 1191 208 1228 neque
244 1178 290 1215 ad
327 1177 479 1223 cultum,
517 1191 638 1228 neque
675 1178 721 1215 ad
756 1190 968 1215 crumenam
1010 1176 1138 1214 decrit.
1207 1176 1330 1227 Cupio
1369 1175 1468 1213 enim
1505 1176 1666 1228 voloque

88 1254 173 1278 111οο
201 1242 316 1287 Julio,
353 1255 430 1279 non
467 1248 613 1279 tantum
649 1248 714 1279 tua
749 1256 872 1286 causa,
911 1242 971 1279 cui
1009 1255 1082 1291 ego
1120 1241 1247 1278 omnia
1283 1240 1413 1285 debeo,
1453 1241 1517 1278 sed
1553 1242 1665 1279 etiam

88 1305 200 1354 ipsius
237 1318 349 1343 causa
382 1305 487 1343 Julii.
555 1306 712 1351 Tamen,
751 1311 792 1343 ut
830 1305 951 1343 adhuc
994 1311 1081 1342 sunt
1121 1318 1180 1342 res
1222 1310 1375 1350 nostrae,
1415 1318 1475 1342 me
1516 1311 1667 1344 auctore

86 1369 263 1406 subsistat
294 1370 512 1420 paullulum,
545 1369 633 1407 dum
668 1370 752 1407 istae
783 1371 903 1407 turbae
933 1369 1210 1420 conquiescant.
1270 1369 1426 1406 Interim
1463 1382 1510 1407 ne
1542 1377 1665 1420 putes,

85 1433 136 1469 1111
175 1439 290 1484 pater,
334 1434 523 1472 neminem
564 1433 626 1471 1110
665 1447 747 1471 esse
788 1434 850 1484 qui
888 1434 933 1471 de
970 1440 1007 1471 te
1044 1434 1199 1471 absente
1236 1434 1393 1484 cogitet.
1463 1434 1667 1486 Hucusque

86 1496 229 1535 Oxonii
259 1505 462 1536 asservatur
492 1498 605 1536 lectio
633 1498 665 1536 T
669 1497 864 1548 heologiea
895 1498 957 1535 illa
984 1504 1063 1543 tua,
1094 1511 1171 1535 non
1201 1498 1276 1543 alii,
1306 1511 1428 1548 spero,
1457 1499 1488 1536 si
1516 1505 1558 1536 tu
1587 1500 1667 1550 ipse

85 1562 187 1608 velis,
221 1576 331 1613 quam
359 1563 439 1601 tibi.
505 1563 685 1600 Caecilius
714 1568 800 1599 tuus
824 1568 900 1599 est:
931 1562 1137 1599 Gulielmus
1168 1562 1300 1599 Petrus
1327 1562 1594 1601 humanissime
1621 1564 1666 1602 de

84 1634 121 1663 te
158 1628 348 1678 przedicat.
405 1628 566 1666 Posthac
600 1627 643 1672 si,
676 1640 714 1664 re
749 1626 932 1672 confecta,
968 1632 1005 1664 et
1037 1627 1220 1677 religione
1253 1640 1367 1677 reque
1398 1628 1546 1678 publica
1577 1642 1666 1666 con—

84 1692 224 1739 stituta,
261 1699 299 1730 et
335 1693 432 1730 ultro
468 1699 506 1730 et
539 1691 745 1729 honorifice
783 1697 821 1728 et
858 1691 1032 1742 Reginos,
1070 1703 1155 1742 quae
1191 1697 1228 1728 te
1263 1691 1360 1742 gerit
1393 1692 1431 1729 in
1466 1692 1597 1738 oculis,
1628 1700 1666 1730 et

82 1757 297 1807 reipublicae
326 1757 479 1795 nomine
508 1756 707 1802 revoceris,
737 1756 904 1801 obscero,
933 1770 978 1793 ne
1006 1756 1137 1806 pigeat
1161 1755 1290 1794 redire.
1348 1757 1517 1804 Redibis,
1545 1771 1664 1808 spero,

83 1821 127 1858 ad
160 1820 328 1859 homines
354 1835 430 1859 non
458 1822 642 1872 ingratos,
677 1826 715 1858 et
740 1821 793 1857 tui
823 1834 1005 1858 memores
1031 1821 1139 1858 benc.

164 1885 269 1930 Vale,
301 1886 353 1923 mi
389 1892 505 1936 pater,
542 1886 647 1923 dulce
685 1885 795 1923 decus
832 1898 969 1930 meum,
1007 1892 1120 1936 atque
1157 1887 1283 1922 animi
1314 1887 1523 1935 plusquam
1555 1889 1665 1925 (117]ιί-

86 1952 192 1987 dium
225 1952 308 1987 mei.
367 1951 494 1988 Saluta
520 1964 674 1988 uxorem
705 1956 808 1988 tuam
842 1957 879 1987 et
908 1950 1063 1987 filiolum
1092 1950 1349 1987 suavissimum
1382 1963 1468 1988 111οο
1501 1952 1663 1990 nomine.

85 2014 213 2052 Saluta
252 2015 298 2052 D.
339 2015 610 2066 Bullingerum‚
648 2015 694 2053 D.
732 2015 960 2060 Gualterum,
1001 2015 1048 2052 D,
1085 2014 1297 2060 Simlerum,
1336 2016 1384 2053 D.
1425 2015 1663 2063 Lavaterum,

86 2080 132 2116 D.
169 2079 387 2124 Gesnerum,
431 2080 477 2117 D.
515 2080 722 2124 Hallcrum,
768 2081 816 2117 D.
854 2079 1069 2130 Volpliium,
1109 2080 1155 2117 D.
1194 2080 1368 2125 Frisium,
1409 2086 1446 2117 et
1482 2080 1664 2130 imprimis

90 2145 133 2182 D.
174 2144 459 2190 Bemardinum,
500 2143 623 2196 (cujus
657 2157 715 2182 res
746 2145 844 2195 apud
880 2158 947 2181 nos
991 2145 1133 2181 utinam
1174 2144 1270 2182 irent
1305 2144 1416 2194 paulo
1460 2144 1661 2197 celeriusl)

81 2210 255 2258 Ι1111011011]
283 2208 528 2246 cultissimum
557 2208 830 2253 Hermannum,
854 2210 874 2246 J
881 2208 1009 2254 ulium,
1034 2209 1171 2246 Juliam
1196 2214 1233 2245 et
1257 2209 1501 2259 Matyrillum.
1558 2210 1664 2254 Vale,

82 2274 131 2310 mi
168 2280 285 2324 pater,
323 2273 427 2311 vale:
472 2273 506 2311 O
545 2273 627 2324 quis
665 2273 754 2309 mihi
791 2273 906 2318 dabit,
941 2280 982 2310 ut
1017 2274 1137 2311 dicere
1176 2273 1377 2324 aliquando
1412 2273 1565 2323 possim,
1604 2274 1663 2311 Mi

83 2345 198 2390 pater,
228 2338 355 2375 salve?
411 2337 589 2383 Londini,
621 2340 642 2373 5
672 2337 815 2382 Martii,
848 2339 960 2375 1560.

168 2403 259 2440 15ῒ10
281 2408 366 2440 sunt
385 2402 543 2439 ‹lecimae
567 2402 705 2446 tertiae,
729 2402 767 2438 ni
790 2402 887 2439 male
913 2402 1078 2439 memini.
1124 2401 1182 2439 Tu
1206 2402 1290 2439 vide
1319 2416 1365 2439 an
1395 2415 1528 2439 omnes
1555 2401 1602 2439 ad
1624 2409 1662 2440 te

82 2468 324 2517 pervenerint.
373 2467 419 2504 D.
445 2465 617 2511 Loelium,
639 2466 668 2503 si
694 2466 843 2504 redierit
867 2467 904 2503 in
925 2472 1088 2503 centrum
1117 2479 1236 2512 suum,
1258 2467 1390 2513 saluta,
1412 2479 1555 2518 quaeso,
1576 2479 1662 2504 mco

84 2533 244 2570 nemine.

605 2596 673 2633 Tui
693 2596 857 2633 nominis
877 2595 1240 2641 observantissimus,

890 2695 962 2732 .Ι().
991 2694 1245 2742 JUELLUS,
1266 2694 1557 2735 Sarisberiensis.
