1845 3233
97 121 208 178 xvh]
623 139 676 164 An
710 138 874 164 PETRUM
904 137 1149 165 MARTYREM.
1620 123 1674 165 23

93 259 133 291 et
169 267 242 305 ego
279 254 456 292 minimus
492 255 746 305 apostolorum
784 254 1094 292 sarisburiensis:
1151 254 1251 304 quod
1291 265 1366 303 ego
1400 264 1493 289 onus
1530 264 1677 302 prorsus

94 318 242 355 decrevi
261 324 446 356 excutere.
501 319 650 356 Interea
668 320 706 356 in
725 319 926 357 academiis
944 331 1046 356 mera
1067 322 1122 355 est
1141 317 1274 367 ubique
1294 317 1466 354 solitudo.
1513 316 1536 353 J
1539 329 1676 353 uvcnes

92 381 297 432 diffugiunt
314 383 452 433 potius,
481 396 592 433 quam
622 388 663 420 ut
681 383 796 420 velint
825 383 863 420 in
891 383 1111 433 religionem
1140 381 1361 419 consentire.

175 446 250 483 Sed
269 447 425 484 comites
439 447 658 497 jamdudum
679 453 911 498 exspectant,
932 452 970 483 et
994 447 1158 484 clamant
1182 451 1223 482 ut
1240 445 1400 482 veniam.
1456 445 1548 483 Vale
1569 456 1674 494 ergo,

95 509 188 554 vale,
215 510 267 547 mi
295 516 401 562 pater
427 517 465 548 et
492 511 745 549 dulcissimum
775 511 887 548 decus
914 524 1050 547 meum.
1108 510 1236 547 Saluta
1265 509 1514 547 venerandum
1542 509 1674 552 virum,

94 581 134 610 et
160 574 253 611 mihi
281 575 382 612 mille
410 575 624 614 nominibus
653 576 691 613 in
726 575 877 613 Christo
909 574 1221 618 colendissinmm,
1257 574 1304 611 D.
1327 573 1599 623 Bullingcrum,
1629 573 1674 610 ad

94 651 206 688 quem
239 639 352 676 etiam
384 639 537 676 seorsim
571 640 780 685 scriberem,
815 639 846 676 si
881 645 979 677 esset
1013 638 1144 676 otium.
1200 637 1326 675 Saluta
1363 638 1410 675 D.
1441 637 1671 675 Gualterum.

95 702 145 740 D.
167 703 378 747 Simlerum,
407 704 454 741 D.
478 704 713 749 Lavaterum,
735 704 783 742 D.
806 703 1015 748 HaHerum,
1041 702 1089 740 D.
1108 703 1328 745 Gesnerum,
1350 702 1400 740 D.
1422 701 1593 746 Frisium,
1625 702 1673 739 D.

96 766 370 804 Hermannum.
421 768 556 805 Habeo
584 769 747 819 quinque
775 767 988 819 pistolettos
1015 780 1147 804 aureos
1175 780 1197 804 a
1226 767 1274 804 D.
1295 765 1424 804 Barth.
1450 766 1673 816 Compagno

92 830 140 867 ad
172 832 422 869 venerandum
452 846 577 870 senem
617 833 665 870 D.
687 832 971 876 Bernardinum,
1011 837 1049 868 et
1086 832 1132 869 ab
1166 831 1298 869 eodem
1337 831 1385 867 ad
1411 843 1497 868 eum
1533 830 1671 868 literas.

93 895 300 933 Scriberem
327 897 374 933 ad
399 909 482 934 eum
511 897 558 934 de
585 897 692 934 rebus
717 897 904 941 omnibus,
937 895 1009 933 nisi
1030 895 1246 932 excluderer
1270 895 1444 945 angustia
1471 894 1670 945 temporis:

92 972 303 1010 quanquam
335 960 421 1005 hoc,
459 973 589 1011 quaeso
622 967 672 1005 te,
710 967 751 998 ut
788 961 840 997 illi
874 959 1076 1009 significo&
1115 964 1252 1009 praeter
1282 959 1373 996 istos
1411 972 1543 996 aureos
1579 957 1674 995 nihil

93 1023 212 1062 adhuc
239 1025 449 1062 confectum
478 1039 571 1062 esse.
628 1026 704 1062 Res
729 1025 875 1068 aulicae,
909 1029 1090 1074 quantum
1122 1023 1243 1066 video,
1283 1024 1336 1060 ita
1368 1029 1455 1060 sunt
1493 1022 1671 1066 difficiles,

93 1094 135 1125 ut
153 1089 318 1126 nesciam
337 1103 384 1126 an
404 1089 603 1140 quicquam
621 1089 741 1140 possit
760 1088 929 1139 exprimi.
975 1087 1124 1137 Regina
1138 1087 1217 1137 jam
1237 1087 1343 1124 abest
1360 1087 1487 1137 procul
1505 1086 1673 1137 gentium

93 1153 132 1190 in
163 1152 314 1198 Cautio,
338 1160 378 1190 ut
404 1154 468 1204 agi
495 1153 591 1190 nihil
616 1153 747 1204 possit.
803 1153 908 1196 Vale,
928 1151 980 1188 mi
1006 1156 1122 1202 pater,
1141 1151 1233 1188 vale.
1291 1152 1483 1196 Quantum
1508 1164 1579 1201 ego
1604 1149 1672 1187 tibi

93 1222 223 1267 optare
242 1230 404 1268 possum,
430 1223 577 1255 tantum
605 1217 695 1254 vale.
752 1216 803 1253 Et
820 1216 843 1253 J
847 1215 961 1252 ulium
986 1221 1106 1259 tuum,
1126 1214 1348 1266 Annamque
1367 1221 1405 1252 et
1425 1216 1671 1266 Martyrillurn

93 1294 178 1318 meo
205 1282 360 1319 nomine
391 1279 569 1333 [saluta]
626 1279 804 1325 Londini,
833 1279 999 1317 calendis
1027 1278 1205 1329 Augusti,
1239 1281 1349 1316 1559.

848 1354 926 1392 JO.
955 1353 1204 1399 JUELLFS,
1233 1360 1330 1399 tuus,

929 1430 1014 1467 Tibi
1043 1430 1214 1469 omnibus
1241 1431 1363 1468 modis
1392 1432 1655 1470 deditissimus.

434 1510 697 1537 INSCRIPTIO.

177 1565 266 1602 Viro
299 1565 407 1613 longe
438 1565 650 1601 doctissimo
685 1563 738 1600 D.
770 1565 884 1600 Petro
922 1564 1098 1611 ,Martyrc'

255 1630 434 1667 Vermz'lio
458 1630 661 1679 profitenti
687 1641 841 1665 sacram
867 1628 1094 1675 theologiam

247 1696 286 1731 in
315 1695 464 1730 ecelesia
494 1694 696 1741 Tigurina.

769 1757 917 1804 Tignri.

622 1973 923 2015 EPISTOLA
966 1973 1125 2015 XVII.

257 2147 515 2178 JOHANNES
547 2148 701 2179 FOXUS
731 2150 798 2180 AD
829 2149 1092 2181 HENRICUM
1122 2149 1491 2182 BULLINGERUM.

169 2223 335 2260 Gnmm
368 2227 405 2258 et
437 2222 533 2259 salus
565 2237 631 2273 per
663 2223 854 2262 Christum
892 2225 1108 2262 Dominum.
1164 2225 1242 2263 Aut
1274 2238 1333 2262 me
1366 2226 1499 2263 fallunt
1533 2239 1663 2265 onmes

88 2287 331 2336 conjectura),
366 2286 530 2324 Hem-icc
558 2287 836 2335 humanissime,
868 2295 932 2326 aut
964 2290 1089 2326 literas
1119 2290 1201 2327 illas
1228 2295 1374 2327 nostras
1396 2291 1474 2340 jam
1502 2299 1662 2342 repertas

88 2352 280 2395 habemus,
310 2364 395 2400 quoe
414 2351 555 2388 tamdiu
574 2351 730 2390 inveniri
748 2366 825 2390 non
844 2359 1057 2404 potuerunt.
1113 2354 1199 2399 Qua
1226 2354 1264 2390 in
1283 2367 1322 2391 re
1340 2355 1516 2392 debemus
1535 2357 1662 2394 nescio

87 2416 148 2453 cui
166 2416 325 2452 fortunae.
344 2415 465 2464 magis
483 2429 595 2465 quam
614 2416 816 2455 industriae.
873 2417 1033 2455 Occasio
1052 2423 1130 2455 erat
1148 2417 1372 2468 hujusmodi.
1426 2419 1539 2456 Venit
1565 2420 1660 2459 forte

86 2480 127 2518 in
146 2480 298 2517 domum
318 2480 574 2517 mercatoriam
599 2480 716 2518 Italus
734 2481 897 2532 quidam,
917 2483 972 2519 vir
990 2482 1180 2527 honestis,
1212 2482 1311 2519 Petri
1333 2483 1466 2520 I’ernoe
1484 2486 1659 2529 sororius,

86 2545 136 2582 ob
154 2544 279 2581 literas
297 2543 426 2581 nescio
446 2557 549 2594 quas.
604 2544 675 2582 Cui
703 2551 783 2582 tum
810 2546 1008 2596 praefectus
1035 2553 1072 2584 et
1096 2552 1262 2597 quaestor
1289 2547 1385 2584 illius
1413 2548 1542 2585 domus
1568 2551 1658 2601 pub-

86 2609 180 2646 licus
208 2607 343 2645 obtulit
368 2607 420 2644 illi
446 2609 584 2655 literas,
613 2610 803 2660 suspicans
822 2624 901 2648 esse
927 2611 1056 2649 Italice
1076 2611 1242 2662 scriptam,
1270 2617 1311 2648 ut
1339 2611 1501 2662 legeret:
1532 2613 1659 2660 Italus,

86 2672 157 2710 etsi
176 2671 336 2709 nesciret
355 2671 528 2722 Anglice,
558 2679 684 2711 tamen
704 2675 790 2724 quia
808 2675 909 2712 videt
927 2688 1064 2712 nomen
1083 2688 1208 2712 meum
1227 2675 1265 2712 in
1285 2675 1536 2727 inscriptione,
1559 2685 1660 2717 recta

87 2737 150 2774 via
175 2736 222 2773 ad
249 2749 310 2773 me
328 2737 430 2774 venit
458 2750 541 2774 cum
570 2738 699 2783 literis,
728 2738 904 2775 nuntians
933 2752 1067 2789 cupere
1094 2739 1312 2789 praefectum
1339 2740 1442 2778 illum
1467 2742 1512 2779 ad
1537 2755 1576 2780 se
1595 2756 1657 2780 ve-

86 2801 217 2837 nirem.
273 2801 370 2838 Veni
395 2801 507 2846 illico,
531 2808 722 2853 assumpto
747 2816 893 2840 mecum
922 2803 1122 2841 Laurentio
1148 2810 1288 2849 nostro,
1315 2810 1352 2841 et
1375 2805 1660 2856 hypodidascalo

86 2864 249 2914 quodam
273 2865 472 2902 Basiliensi
492 2866 554 2916 qui
582 2866 761 2917 interpres
783 2873 895 2905 esset.
940 2868 1077 2906 Narrat
1100 2868 1298 2919 praefectus
1318 2869 1440 2907 literas
1459 2870 1539 2907 illas
1563 2871 1659 2921 jam-

85 2927 231 2978 pridem
266 2929 423 2980 rejectas
460 2930 499 2968 in
533 2930 673 2981 angulo
715 2944 832 2982 nuper
874 2939 1036 2983 repertas
1074 2931 1189 2970 fuisse
1226 2946 1247 2970 a
1282 2934 1450 2979 servulo;
1496 2941 1659 2985 repertas
