1845 3233
142 155 225 194 180
419 163 609 189 numanus
640 161 764 188 coxus
796 161 849 186 Αῐ)
881 158 1121 185 RODOLPHUM
1153 157 1410 184 GUALTERUM.
1566 140 1719 198 [musn-

139 293 269 319 omnes
297 278 460 317 veritatis
488 277 613 315 hostes
638 277 716 327 jam
742 274 877 326 passim
903 273 1112 323 conspirare
1138 279 1176 310 et
1201 287 1281 311 sese
1311 272 1482 323 expedire
1512 272 1560 309 ad
1590 272 1705 310 inter-

138 346 333 383 necionem
362 343 541 387 omnium,
570 341 631 392 qui
659 339 800 377 Christi
822 337 1039 388 religionem
1065 337 1294 387 profitentur.
1349 337 1531 388 Equidem
1554 336 1705 387 expedit

139 410 210 460 piis
244 407 416 446 omnibus
449 406 534 443 hoec
566 405 670 449 scire,
706 410 748 440 ut
778 408 920 441 arment
954 415 994 439 se
1028 401 1248 452 tempestive
1279 406 1361 439 tota
1396 406 1580 439 armatura
1618 400 1703 438 Dei.

140 474 190 511 Et
227 484 435 524 quanquam
475 469 594 507 adhuc
632 468 749 506 securi
786 480 867 505 esse
903 465 1105 513 videamur,
1138 466 1306 504 videmus
1334 471 1460 504 tamen
1499 465 1706 517 periculosa

137 538 362 588 papistarum
388 534 581 573 molimina
602 533 763 584 undique
781 545 850 570 nos
874 531 1078 581 cingentia.
1136 530 1219 568 Imo
1238 544 1285 569 ex
1302 531 1409 569 nobis
1428 530 1519 582 ipsis
1537 529 1703 574 subinde,

139 602 239 653 quasi
261 615 281 638 e
307 601 381 638 suis
408 599 583 644 cavernis,
612 598 796 649 prodeunt
823 595 981 634 aculeati
1007 601 1209 647 serpentes,
1238 595 1386 633 aculeos
1413 600 1617 633 venenatos
1642 607 1707 631 ex-

140 671 317 711 ercentes,
345 678 437 716 quos
457 663 635 701 hactenus
660 675 726 712 per
746 661 818 698 Dei
845 661 1004 710 gratiam
1022 660 1228 697 vitavimus.
1281 659 1420 698 Verum
1439 673 1523 697 cum
1541 660 1705 697 animum

140 730 289 766 adverto
318 729 365 766 ad
396 728 546 771 scelera,
577 739 663 778 quoe
694 724 832 776 passim
861 724 1062 769 exundant,
1090 730 1128 761 et
1154 724 1201 761 ad
1234 723 1348 761 divini
1375 723 1475 761 verbi
1501 736 1585 761 cum
1617 736 1706 773 neg-

137 793 286 839 lectum,
321 799 401 830 tum
438 797 709 842 contemptum,
743 789 889 827 horrore
923 788 1126 834 concutior,
1161 794 1199 825 et
1235 788 1436 838 cogitando
1472 787 1706 838 pertimesco,

141 858 227 909 quid
246 858 350 895 Deus
369 857 413 894 de
433 857 540 894 nobis
560 861 762 893 statuturus
781 853 842 891 sit.
896 853 934 890 Si
956 865 1133 904 unquam,
1147 853 1226 903 jam
1246 853 1369 890 locum
1387 851 1498 889 habet
1522 852 1705 902 psalmus:

140 923 247 959 Dixit
274 923 453 971 insipiens
485 923 527 958 in
556 921 663 958 corde
689 932 768 964 suo,
799 924 868 956 etc.
899 917 930 955 si
965 931 1140 969 unquam,
1163 918 1264 968 jam:
1301 916 1499 966 Exsurgat
1528 917 1645 960 Deus,
1674 918 1708 951 et

141 988 368 1036 dissipentur
396 987 544 1023 inimici
571 985 661 1034 ejus,
692 989 762 1022 etc.

212 1052 322 1089 Justo
351 1050 492 1101 judicio
522 1050 567 1087 de
592 1054 801 1087 nostrorum
830 1047 1024 1085 hominum
1053 1046 1280 1098 presbyterio
1305 1045 1462 1096 judicas,
1493 1044 1707 1083 doctissime

140 1116 323 1160 Gualtere,
341 1114 480 1165 tibique
496 1114 738 1164 astipulantur
757 1113 919 1151 saniores
933 1111 1108 1162 Anglicae
1124 1111 1292 1149 ecclesiae
1312 1110 1472 1148 ministri
1486 1123 1494 1153 ;
1515 1115 1553 1146 et
1567 1109 1707 1147 nullum

138 1181 215 1218 fere
240 1180 319 1230 jam
346 1178 564 1216 tumultuosi
591 1177 762 1215 homines
789 1177 896 1215 nobis
919 1176 1112 1226 negotium
1140 1175 1340 1221 facessunt,
1364 1175 1437 1212 nisi
1466 1174 1565 1225 quod
1592 1173 1710 1211 instar

138 1244 330 1281 lamiarum
353 1243 391 1281 in
416 1243 577 1281 tenebris
599 1249 747 1280 nostros
768 1242 861 1279 ritus
884 1241 1010 1279 rodere
1030 1245 1201 1291 pergunt.
1259 1239 1440 1278 Severiori
1461 1237 1708 1288 castigatione

135 1309 356 1359 jampridem
387 1313 681 1358 compescuntur,
712 1314 749 1344 et
778 1306 990 1344 doctissima
1022 1305 1245 1343 refutatione
1275 1304 1554 1342 convincuntur.
1610 1301 1708 1339 Cum

138 1378 195 1410 tot
210 1373 368 1423 undique
388 1372 643 1422 sanguinarios
662 1371 889 1409 adversarios
903 1370 1081 1408 habemus
1098 1375 1236 1420 praeter
1254 1369 1405 1414 Turcas,
1422 1367 1585 1418 papistas
1601 1366 1708 1404 nimi—

138 1450 231 1483 rum,
252 1437 451 1475 dolendum
470 1436 616 1487 quidem
637 1441 736 1474 certe
755 1442 811 1473 tot
836 1435 987 1473 dissidia
1007 1435 1045 1472 in
1069 1434 1237 1472 ecclesiis
1254 1432 1463 1471 reformatis
1483 1431 1653 1476 existere,
1668 1436 1709 1468 ut

140 1516 205 1539 suo
224 1502 387 1552 ipsorum
409 1501 532 1551 gladio
552 1514 632 1538 sese
651 1501 834 1538 conficere
853 1500 1057 1537 videantur.
1116 1499 1190 1536 His
1214 1498 1323 1536 malis
1341 1497 1492 1535 tandem
1518 1496 1709 1534 medeatur

140 1566 326 1603 Dominus
344 1566 454 1603 Jesus
474 1565 659 1610 Christus,
679 1565 809 1602 unicus
827 1570 954 1601 noster
975 1563 1168 1602 Medicus!
1225 1563 1313 1601 Non
1338 1562 1466 1600 dubito
1486 1561 1573 1612 quin
1599 1573 1643 1598 ea
1669 1559 1707 1596 in

137 1635 175 1666 te
193 1629 318 1680 vigeat
333 1630 498 1667 veritatis
516 1630 582 1674 vis,
611 1634 652 1666 ut
670 1642 752 1666 cum
771 1628 979 1679 patrocinio
1000 1627 1143 1678 eguerit
1161 1627 1219 1665 vel
1238 1627 1336 1677 apud
1353 1639 1422 1664 nos
1441 1625 1498 1664 vel
1515 1625 1612 1676 apud
1630 1637 1707 1668 VOS,

138 1694 197 1731 vel
213 1707 431 1744 quocunque
450 1694 600 1731 tandem
626 1693 723 1739 loco,
750 1699 787 1730 te
814 1692 954 1730 Christi
979 1691 1157 1729 athletam
1176 1691 1406 1742 praestiteris.
1461 1689 1707 1740 Disciplinam

139 1771 294 1805 morum,
315 1759 359 1796 de
377 1771 449 1809 qua
466 1758 694 1795 mentionem
719 1757 809 1795 facis
834 1758 871 1794 in
887 1757 959 1794 tuis
978 1756 1108 1802 literis,
1128 1761 1316 1806 utcunque
1334 1754 1556 1793 retinemus:
1586 1753 1651 1790 sed
1677 1752 1708 1789 si

138 1822 201 1871 qui
227 1828 375 1860 nostros
399 1827 594 1872 magnates
614 1828 754 1872 cogant
783 1822 817 1860 ei
843 1822 939 1860 colla
958 1820 1186 1866 submittere,
1215 1820 1366 1871 perinde
1383 1819 1520 1857 facient
1547 1823 1656 1868 atque
1678 1816 1708 1854 si

139 1887 221 1937 quis
236 1887 386 1924 barbam
405 1886 522 1923 leonis
541 1886 696 1924 raderet.

218 1950 534 2001 Ubiquitariorum
563 1950 744 1988 insaniam
764 1951 843 2001 jam
873 1950 962 1988 olim
992 1950 1121 1988 Petrus
1151 1949 1309 2000 Martyr,
1337 1947 1450 1986 modo
1475 1959 1562 1985 vero
1588 1951 1709 1984 vester

139 2015 261 2053 Josias
292 2015 479 2060 Simlerus,
511 2015 725 2053 doctissime
753 2021 791 2053 et
822 2015 1020 2053 fortissime
1051 2015 1309 2053 contuderunt.
1367 2013 1440 2051 Sed
1471 2013 1618 2051 veniens
1650 2025 1706 2050 vc-

139 2082 218 2118 niet
253 2083 286 2116 et
320 2093 396 2117 ozon
432 2081 614 2126 tardabit,
649 2080 711 2131 qui
745 2079 961 2131 praefractos
994 2093 1125 2118 omnes
1160 2092 1226 2118 suo
1261 2078 1397 2116 malleo
1432 2077 1638 2116 contundet
1671 2082 1708 2114 et

140 2150 316 2182 conteret.

219 2209 331 2247 Filius
358 2215 455 2255 tuus,
476 2209 629 2260 optimae
652 2208 788 2247 indolis
811 2210 1039 2255 adolescens,
1056 2208 1135 2259 jam
1163 2209 1387 2247 discessurus
1414 2206 1624 2245 humaniter
1648 2220 1707 2244 me

141 2272 324 2310 salutavit.
378 2274 513 2311 Precor
532 2274 652 2310 Deum
677 2279 718 2310 ut
742 2274 868 2311 redeat
891 2275 936 2311 ad
961 2279 998 2311 te
1023 2273 1234 2319 incolumis,
1262 2280 1300 2311 et
1323 2278 1365 2310 ut
1386 2273 1580 2323 longaevus
1604 2278 1708 2323 pater

140 2337 267 2375 fruaris
286 2338 345 2388 pio
365 2339 452 2376 filio.
509 2338 610 2376 Vale.
669 2338 727 2375 Ex
747 2338 866 2376 insula
884 2338 1025 2376 Eliensi
1042 2338 1080 2375 in
1098 2338 1250 2388 Anglia,
1282 2340 1329 2375 12
1349 2337 1455 2382 Julii,
1478 2338 1590 2376 1574.

625 2418 695 2456 Tui
722 2419 759 2456 in
790 2418 942 2457 Christo
969 2419 1080 2457 frater
1106 2418 1396 2464 amantissimus,

1060 2498 1336 2538 RICARDUS
1364 2498 1554 2538 COXUS.
