1845 3233
135 159 261 217 xcxv]
616 177 669 202 An
701 176 944 203 RODOLPHUM
977 176 1234 202 GUALTERUM.
1628 159 1709 200 139

134 305 215 330 rum
236 292 390 330 fratrum
410 298 634 339 nostrorum,
661 294 777 331 instar
794 293 860 331 lini
880 293 999 331 adhuc
1018 293 1296 344 fumigantium,
1317 291 1382 329 scd
1404 291 1548 328 animos
1571 290 1715 327 illorum

136 356 341 407 periculose
371 358 581 396 exulcerare
610 359 788 396 nituntur.
847 358 901 396 Hi
935 357 1051 395 nostri
1086 357 1216 395 fratres
1249 356 1482 407 prudentiam
1519 355 1715 392 Paulinam

136 434 206 458 nos
235 422 372 459 imitari
402 435 479 459 non
507 423 644 469 sinunt,
676 423 738 474 qui
768 423 938 461 omnibus
968 422 1094 459 omnia
1118 422 1240 459 factus
1268 421 1348 465 fuit,
1378 426 1418 458 ut
1445 433 1576 457 omnes
1609 419 1714 456 lucri-

135 485 281 523 faceret.
337 485 547 524 Consilium
566 493 742 533 vestrum,
770 487 932 525 maxime
950 500 1037 524 vero
1056 486 1349 524 venerandorum
1374 491 1535 536 patrum,
1558 483 1714 522 Martini

137 549 285 596 Buceri,
318 550 417 588 Petri
448 551 623 602 Martpis
651 558 689 589 et
718 551 874 590 Henrici
903 551 1123 601 Bullingeri,
1154 550 1251 602 apud
1278 550 1346 587 hos
1375 549 1547 587 homines
1574 549 1715 586 nullum

135 613 270 651 habere
298 620 421 665 potest
449 616 583 653 locum.
642 616 836 654 Immerito
864 629 941 653 non
968 614 1126 666 praestiti
1153 614 1265 651 officii
1294 613 1402 651 nobis
1426 619 1517 650 nota
1542 613 1714 659 inuritur,

136 679 236 730 quod
266 678 410 716 illorum
442 693 591 717 causam
616 694 692 718 non
727 679 973 725 defendimus,
1003 692 1097 730 quos
1120 678 1300 716 habemus
1326 677 1429 729 pacis
1453 683 1491 714 et
1519 677 1716 727 religionis

132 743 354 790 turbatores,
394 744 528 795 quique
566 745 789 783 concionum
823 757 971 782 suarum
1008 744 1153 794 impetu
1189 743 1241 780 ita
1273 742 1446 780 miseram
1483 742 1714 792 plebeculam

136 807 407 854 dementarunt,
434 822 552 860 eoque
580 810 742 847 vesaniae
766 809 967 848 nonnullos
995 808 1214 859 adegerunt,
1244 813 1285 845 ut
1313 808 1391 858 jam
1420 807 1561 858 templa
1587 813 1716 845 nostra

135 872 282 923 ingredi
297 874 482 911 obstinate
500 880 682 920 recusent,
698 879 762 912 aut
776 875 823 912 ad
837 873 1102 924 baptizandum
1120 886 1207 910 suos
1226 873 1413 924 parvulos,
1433 872 1491 909 vel
1510 872 1556 909 ad
1571 885 1714 910 sacram

135 949 284 975 coenam
303 938 615 983 manducandum,
635 938 695 976 vel
721 938 765 975 ad
787 938 986 976 conciones
1005 937 1242 975 audiendum.
1299 937 1551 987 Segregantur
1568 936 1717 987 penitus

137 1008 175 1040 et
197 1015 220 1039 a
242 1002 350 1040 nobis
373 1008 411 1039 et
438 1003 483 1039 ab
505 1003 576 1039 illis
604 1002 711 1040 bonis
734 1003 908 1040 fratribus
936 1002 1095 1046 nostris3
1127 1001 1342 1040 diverticula
1370 1006 1567 1052 quaerunt3
1598 1001 1716 1051 priva-

134 1073 211 1105 tam
250 1067 469 1118 religionem
508 1067 720 1113 instituunt,
759 1067 991 1119 privatasque
1030 1067 1164 1104 domus
1201 1066 1450 1117 frequentant,
1490 1066 1615 1117 ibique
1649 1080 1715 1104 sua

136 1145 241 1170 sacra
277 1138 481 1184 peragunt;
522 1132 576 1169 uti
615 1132 704 1169 olim
736 1132 961 1177 Donatistae,
988 1131 1044 1169 uti
1069 1131 1181 1169 hodie
1209 1130 1485 1181 Anabaptistae,
1519 1131 1574 1168 uti
1602 1131 1714 1168 ctiam

134 1198 294 1248 papistae
326 1196 456 1242 nostri,
492 1197 555 1247 qui
587 1196 756 1234 civitates
798 1197 1041 1242 circumeunt,
1079 1202 1122 1233 ut
1162 1195 1296 1233 alicubi
1340 1195 1471 1233 missas
1507 1196 1716 1234 clanculum

135 1262 296 1300 audiant.
368 1261 465 1299 Illud
498 1261 654 1313 denique
695 1261 808 1299 nimis
845 1261 1028 1307 odiosum,
1065 1260 1253 1311 Reginam
1294 1265 1461 1298 nostram
1499 1273 1584 1298 eum
1621 1275 1717 1312 papa

135 1327 321 1378 copulare.
385 1326 561 1364 Facessat
607 1340 705 1377 papa
747 1339 820 1378 quo
859 1326 994 1376 dignus
1040 1331 1107 1363 est.
1173 1325 1335 1376 Reginae
1371 1330 1525 1370 nostrae,
1569 1338 1715 1364 summo

134 1391 385 1442 magistratui,
401 1405 475 1429 non
493 1391 621 1442 iniqua
633 1390 879 1443 praecipienti,
892 1390 1095 1429 functionis
1109 1395 1250 1429 nostrae
1268 1389 1455 1428 reddenda
1473 1390 1582 1437 ratio,
1598 1391 1713 1429 etiam

135 1469 261 1494 eoram
291 1457 386 1494 Deo.

216 1521 315 1559 Haec
343 1535 463 1572 pauca
485 1520 597 1559 habui
621 1522 786 1559 notanda
802 1522 841 1558 in
860 1527 925 1559 tua
944 1521 1114 1572 epistola,
1142 1520 1379 1558 dilectissime
1398 1520 1523 1567 frater,
1552 1526 1595 1558 ut
1613 1527 1714 1573 post-

133 1584 204 1623 hae
232 1586 343 1623 fidem
370 1599 448 1623 non
475 1585 614 1623 habeas
640 1585 756 1623 cuivis
779 1585 937 1636 spiritui,
966 1591 1080 1636 utque
1109 1585 1411 1636 quandoquidem
1428 1590 1534 1623 tanta
1556 1591 1594 1623 te
1614 1586 1717 1624 Deus

134 1650 340 1689 eruditione
364 1656 402 1687 et
428 1650 565 1701 pietate
592 1649 777 1696 imbuerit,
803 1650 966 1687 nominis
991 1649 1045 1687 tui
1068 1650 1251 1688 rationem
1275 1649 1412 1688 habere
1439 1663 1557 1689 cures,
1614 1650 1714 1690 Haec

133 1716 180 1753 ab
213 1715 338 1753 animo
366 1714 525 1753 candido
563 1714 729 1766 profecta
763 1714 863 1766 aequi
895 1713 985 1752 boni
1017 1714 1274 1753 consulturum
1299 1719 1339 1752 te
1365 1727 1444 1752 non
1472 1714 1608 1754 diffido.
1667 1715 1714 1754 In

135 1779 287 1818 Christo
313 1779 406 1818 vale.

214 1845 272 1883 Ex
303 1844 431 1882 Insula
459 1843 602 1882 Eliensi
630 1844 670 1882 in
698 1841 852 1895 Anglia‚
885 1845 932 1880 12
962 1842 1166 1889 Februarii,
1198 1845 1311 1881 1571.

796 1919 899 1958 Tuus
926 1919 965 1957 in
994 1919 1145 1958 Christo
1172 1919 1297 1966 frater,

1049 1996 1326 2036 RICARDUS
1355 1996 1547 2042 COXUS,

1288 2060 1506 2124 ¹Episcopus
1536 2072 1711 2111 Eliensis.

476 2139 737 2166 lecmPTlo.

241 2196 484 2234 Pientissimo
508 2199 620 2244 atque
644 2195 897 2231 eruditissimo
915 2193 1044 2244 fratri

291 2275 373 2299 meo
393 2262 434 2298 in
456 2261 620 2304 Christo,
647 2260 888 2296 dilectissimo
909 2260 957 2297 D.
980 2261 1056 2297 Ro-

291 2327 430 2375 dolplzo
449 2325 646 2370 Gualtvro,
677 2326 835 2363 ecclesiae
857 2325 1058 2373 Tigurinae

292 2392 468 2428 ministro
484 2389 724 2440 fidelissimo.
