1845 3233
168 150 249 189 104·
424 162 615 188 nchRDUs
647 162 784 188 HILLES
818 163 870 188 AD
902 164 1114 190 HENRICUM
1147 165 1446 194 BULMNGERUM.
1592 153 1735 209 [EPIST.

163 276 316 313 liabent
343 281 467 313 autem
494 276 697 313 Martinisti
720 277 913 327 pauciores
936 278 1112 315 ecelesias
1141 291 1250 329 quam
1281 280 1504 323 orthodoxi:
1538 281 1608 331 ipsi
1635 282 1734 320 euim

159 340 390 377 solummodo
413 340 516 385 duas,
548 339 722 390 (quarum
742 354 853 378 unam
872 341 911 378 in
929 354 1070 392 magno
1093 349 1302 382 convocant
1325 344 1490 394 horreo‚)
1519 345 1571 382 illi
1595 352 1734 394 autem,

161 417 252 454 quos
275 410 407 440 vocant
435 402 671 449 Calvinistas,
699 411 772 442 tres
797 404 937 442 habent
960 406 1018 443 vel
1045 412 1211 457 quatuor.
1266 408 1401 447 Adhuc
1426 415 1554 446 autern
1581 415 1734 461 utraque

160 480 242 516 pars
270 466 534 517 (praeterquam
565 468 750 518 quendam
784 469 846 519 qui
874 469 912 506 in
946 468 1081 507 horreo
1108 470 1172 508 illo
1201 472 1458 524 concionatur)
1486 474 1553 511 sub
1589 474 1665 519 dio,
1695 480 1734 511 et

158 544 231 568 non
254 531 320 567 sub
345 531 467 576 tectis,
492 532 708 582 praedicant.
765 532 838 569 Sed
861 534 941 583 jam
966 539 1054 570 ante
1079 547 1227 572 menses
1254 535 1332 573 fere
1356 537 1450 575 duos
1473 539 1613 588 templa
1639 538 1733 576 aedi-

157 595 263 631 ficare
292 600 498 644 coeperunt,
526 601 564 632 et
591 596 654 633 illa
680 601 869 634 exstruere
898 610 1040 647 magna
1064 597 1304 637 festinatione
1332 608 1504 652 pergunt.
1550 603 1731 641 Attamen

154 658 273 696 adhuc
302 658 461 708 parietes
495 658 576 710 (qui
610 673 657 697 ex
688 660 865 698 lateribus
901 666 939 698 et
973 661 1157 712 lapidibus
1189 665 1392 703 constructi
1426 667 1531 717 sunt)
1565 667 1733 705 eminent

154 728 311 766 tantum,
338 728 376 759 et
402 729 556 760 manent
583 723 724 760 intecta
749 724 901 775 templa.

232 785 323 823 Vale
356 785 395 822 in
428 785 581 824 Christo
613 787 720 832 Jesu,
754 788 907 826 domine
935 790 1209 837 colendissime,
1243 792 1307 844 qui
1341 806 1487 845 semper
1517 801 1554 832 te
1586 796 1731 835 servetl

151 850 284 887 Amen.
338 849 566 901 Antverpiae,
597 853 647 888 :23
677 851 909 900 Decembris,
938 854 1053 893 Anno
1085 859 1196 894 1566.

986 931 1100 978 Tuus,

1153 1008 1399 1049 RICARDL‘
1409 1010 1433 1049 S
1465 1010 1675 1050 HILLES.

411 1068 665 1095 1Nscn112'no.

227 1121 454 1158 Doctissimo
493 1123 577 1158 viro
615 1123 769 1160 domino
806 1124 978 1162 Henrico

280 1185 518 1234 Bullengero,
537 1187 663 1224 amico
685 1200 754 1224 suo
781 1190 992 1228 carissimo.

614 1252 766 1302 Tiguri-

664 1511 962 1556 EPISTOLA
1005 1510 1202 1555 LXXV.

145 1697 413 1734 EDMUNDUS
436 1703 748 1734 GRINDALLUS
772 1704 834 1734 ΕΤ
857 1703 1113 1734 ROBERTUS
1136 1702 1332 1735 HORNUS
1360 1702 1429 1733 AD
1458 1702 1722 1734 HENRICUM

363 1759 722 1791 BULLINGERUM
752 1759 817 1790 ΕΤ
846 1759 1155 1791 RODOLPHUM
1187 1759 1506 1791 GUALTERUM.

224 1834 437 1873 Ennmrms
455 1841 596 1873 vestras
614 1835 739 1873 literas
757 1836 804 1872 ad
826 1834 1077 1872 Humfredum
1096 1840 1134 1872 et
1153 1835 1415 1887 Sampsoncm,
1437 1842 1475 1872 et
1496 1835 1724 1872 commodis-

145 1898 257 1936 simas
281 1911 364 1936 cum
393 1899 439 1936 ad
467 1905 614 1937 nostras
641 1899 688 1936 de
711 1899 875 1936 vestibus
902 1899 1113 1937 animorum
1142 1899 1396 1937 dissensiones
1420 1904 1499 1936 tum
1525 1899 1724 1936 verborum·

142 1962 402 2000 altercationes
415 1969 525 2014 atque
540 1977 689 2014 pugnas
702 1963 897 2009 sedandas,
911 1976 1023 2015 quam
1036 1963 1283 2001 libentissime
1299 1963 1530 2015 accepimus:
1551 1969 1723 2013 acceptas

143 2039 219 2063 non
239 2026 318 2063 sine
337 2032 440 2064 certo
465 2027 634 2072 consilio,
660 2032 857 2078 parcentes
875 2032 1003 2064 tamen
1027 2027 1181 2065 fratrum
1207 2028 1434 2074 nominibus,
1461 2027 1560 2079 typis
1587 2026 1722 2065 excudi

143 2096 252 2141 atque
269 2090 448 2141 publicari
467 2091 695 2128 curavimus:
715 2091 875 2142 indeque
894 2091 1052 2129 fructum
1072 2092 1222 2142 quidem
1242 2092 1524 2143 amplissimum,
1544 2091 1721 2142 quemad-

142 2154 294 2192 modum
314 2168 516 2206 speramus,
536 2156 779 2206 percepimus.
836 2156 935 2194 Nam
957 2156 1057 2193 sanis
1076 2156 1226 2207 quidem
1253 2157 1356 2203 viris,
1376 2156 1590 2194 universum
1610 2168 1722 2192 evan·

144 2218 348 2268 gelicorum
377 2219 590 2256 institutum
621 2226 659 2256 et
683 2220 795 2257 finem
822 2221 1092 2271 spectantibus,
1117 2221 1274 2258 multum
1300 2220 1494 2271 profuere:
1526 2220 1723 2257 ministros

142 2287 244 2320 certo
263 2283 474 2329 nonnullos,
499 2284 561 2333 qui
586 2284 630 2321 de
650 2284 855 2322 deserendo
875 2284 1085 2322 ministerio
1106 2290 1258 2337 propter
1279 2298 1358 2323 rem
1382 2285 1605 2330 vestiariam,
1632 2295 1720 2336 quae

135 2348 214 2396 jam
233 2347 312 2384 sola
330 2353 568 2386 controversa
587 2362 630 2386 ac
646 2362 757 2386 causa
776 2348 1020 2387 dissensionis
1036 2349 1134 2388 inter
1151 2363 1220 2387 nos
1236 2350 1370 2395 fuerat,
1390 2349 1618 2402 cogitarunt,
1637 2362 1722 2400 per—

141 2424 268 2448 suasos
303 2424 350 2448 ne
387 2412 562 2449 ecclesias
596 2411 757 2450 fraudari
785 2426 853 2450 sua
881 2426 994 2464 opera
1023 2413 1188 2451 sinerent
1222 2420 1375 2465 propter
1405 2427 1483 2451 rem
1519 2414 1720 2459 tantillam,

140 2475 451 2526 confirmatosque
475 2476 664 2514 reddidere
690 2482 728 2513 et
752 2476 790 2514 in
815 2482 977 2514 vestram
998 2478 1222 2515 sententiam
1245 2485 1455 2516 retraxere:
1488 2478 1635 2528 plebem
1655 2490 1720 2514 au-

143 2543 231 2581 tem,
256 2552 340 2588 quae
367 2553 433 2590 per
459 2539 692 2590 importunos
717 2541 948 2591 quorundam
975 2542 1157 2580 clamores
1179 2542 1369 2580 concitata
1390 2542 1428 2579 in
1454 2542 1574 2579 varias
1596 2547 1720 2591 partes

142 2600 424 2650 distrahebatur,
456 2604 611 2654 piosque
646 2605 838 2642 ministros
867 2606 1096 2643 contumelia
1130 2606 1330 2655 afficiebat,
1373 2606 1479 2657 quasi
1517 2605 1720 2643 concordia

143 2665 299 2714 quadam
318 2666 401 2703 illos
419 2667 609 2717 placavere
633 2681 677 2706 ae
699 2668 837 2706 leniere
856 2670 1122 2720 temperantia:
1150 2671 1308 2708 morosis
1329 2684 1427 2717 vero,
1452 2677 1489 2708 et
1507 2670 1601 2708 nihil
1619 2683 1720 2721 prae—

140 2733 306 2777 tcrquam
334 2731 434 2779 quod
457 2731 527 2781 ipsi
552 2737 756 2770 statuerant
783 2733 941 2782 perferre
967 2734 1188 2779 valentibus,
1218 2734 1290 2771 etsi
1316 2747 1392 2772 non
1415 2735 1641 2780 satisfecere,
1671 2747 1717 2771 eo

142 2798 266 2828 tamen
301 2792 355 2829 eis
389 2793 569 2843 profuere,
603 2802 643 2833 ut
670 2797 753 2847 pios
784 2797 958 2835 convitiis
990 2798 1114 2836 minus
1148 2798 1385 2849 proscindere
1420 2811 1624 2848 pacemque
1657 2811 1718 2836 ec-

141 2855 267 2892 clesize
298 2856 494 2894 salutarem
523 2861 753 2898 sermonibus
788 2862 865 2898 suis
900 2861 1107 2911 morologis
1141 2874 1219 2899 non
1247 2862 1341 2899 adeo
1373 2863 1549 2899 audacter
1575 2862 1719 2899 foedare

140 2919 255 2956 velint
277 2925 341 2956 aut
369 2921 534 2970 possint:
575 2936 620 2959 ex
645 2923 718 2961 hiis
744 2925 923 2975 quosdam
954 2938 1035 2962 esse
1062 2930 1336 2971 exauctoratos,
1363 2926 1434 2962 etsi
1455 2939 1523 2962 sua
1546 2926 1715 2976 ipsorum

139 2983 258 3033 culpa,
288 2989 329 3020 ut
366 2985 535 3034 graviora
570 2986 607 3023 in
637 2987 720 3025 illos
754 3001 832 3026 non
869 2988 1046 3035 dicamus,
1073 2989 1234 3027 fatemur
1266 2994 1304 3026 et
1341 2990 1521 3027 dolemus.
1577 2991 1717 3030 Verum
