<?xml version="1.0" encoding="UTF-8"?>
<!DOCTYPE html PUBLIC "-//W3C//DTD XHTML 1.0 Transitional//EN"
    "http://www.w3.org/TR/xhtml1/DTD/xhtml1-transitional.dtd">
<html xmlns="http://www.w3.org/1999/xhtml" xml:lang="en" lang="en">
 <head>
  <title>
</title>
<meta http-equiv="Content-Type" content="text/html;charset=utf-8" />
  <meta name='ocr-system' content='tesseract 3.04.00' />
  <meta name='ocr-capabilities' content='ocr_page ocr_carea ocr_par ocr_line ocrx_word'/>
</head>
<body>
  <div class='ocr_page' id='page_1' title='image "./zurichletterscom02hunt_0348.png"; bbox 0 0 1845 3233; ppageno 0'>
   <div class='ocr_carea' id='block_1_1' title="bbox 139 123 1707 180">
    <p class='ocr_par' dir='ltr' id='par_1_1' title="bbox 139 123 1707 180">
     <span class='ocr_line' id='line_1_1' title="bbox 139 123 1707 180; baseline -0.005 -7"><span class='ocrx_word' id='word_1_1' title='bbox 139 134 194 173; x_wconf 81' lang='lat'>52</span> <span class='ocrx_word' id='word_1_2' title='bbox 407 144 567 170; x_wconf 77' lang='lat' dir='ltr'>T110MAs</span> <span class='ocrx_word' id='word_1_3' title='bbox 600 141 777 170; x_wconf 78' lang='lat' dir='ltr'><strong>LEVERUS</strong></span> <span class='ocrx_word' id='word_1_4' title='bbox 814 141 864 166; x_wconf 80' lang='lat' dir='ltr'>AD</span> <span class='ocrx_word' id='word_1_5' title='bbox 899 139 1109 166; x_wconf 72' lang='lat' dir='ltr'>HENfflCUM</span> <span class='ocrx_word' id='word_1_6' title='bbox 1142 138 1440 164; x_wconf 79' lang='lat' dir='ltr'><strong>BULLINGERUM.</strong></span> <span class='ocrx_word' id='word_1_7' title='bbox 1566 123 1707 180; x_wconf 75' lang='lat' dir='ltr'>[EPIST-</span> 
     </span>
    </p>
   </div>
   <div class='ocr_carea' id='block_1_2' title="bbox 139 250 1707 800">
    <p class='ocr_par' dir='ltr' id='par_1_2' title="bbox 139 250 1707 544">
     <span class='ocr_line' id='line_1_2' title="bbox 140 250 1707 312; baseline -0.007 -13"><span class='ocrx_word' id='word_1_8' title='bbox 140 261 257 312; x_wconf 79' lang='lat' dir='ltr'>parati</span> <span class='ocrx_word' id='word_1_9' title='bbox 290 260 334 296; x_wconf 87' lang='lat' dir='ltr'>ad</span> <span class='ocrx_word' id='word_1_10' title='bbox 366 259 575 297; x_wconf 87' lang='lat' dir='ltr'>referendas</span> <span class='ocrx_word' id='word_1_11' title='bbox 611 255 754 293; x_wconf 85' lang='lat' dir='ltr'>debitas</span> <span class='ocrx_word' id='word_1_12' title='bbox 789 254 928 304; x_wconf 80' lang='lat' dir='ltr'><strong>gratias</strong></span> <span class='ocrx_word' id='word_1_13' title='bbox 957 253 1062 290; x_wconf 84' lang='lat' dir='ltr'>vobis</span> <span class='ocrx_word' id='word_1_14' title='bbox 1096 253 1136 289; x_wconf 89' lang='lat' dir='ltr'>in</span> <span class='ocrx_word' id='word_1_15' title='bbox 1167 251 1333 289; x_wconf 87' lang='lat' dir='ltr'>Christo.</span> <span class='ocrx_word' id='word_1_16' title='bbox 1394 251 1499 290; x_wconf 83' lang='lat' dir='ltr'><strong>Vale.</strong></span> <span class='ocrx_word' id='word_1_17' title='bbox 1558 250 1707 289; x_wconf 78' lang='lat' dir='ltr'>Coven-</span> 
     </span>
     <span class='ocr_line' id='line_1_3' title="bbox 139 323 590 369; baseline -0.011 -7"><span class='ocrx_word' id='word_1_18' title='bbox 139 326 235 369; x_wconf 57' lang='lat' dir='ltr'>trite,</span> <span class='ocrx_word' id='word_1_19' title='bbox 270 326 313 360; x_wconf 91' lang='lat'>10</span> <span class='ocrx_word' id='word_1_20' title='bbox 341 323 445 367; x_wconf 76' lang='grc' dir='ltr'>ιῘιιΙὶῐ,</span> <span class='ocrx_word' id='word_1_21' title='bbox 479 324 590 358; x_wconf 84' lang='lat'>1560.</span> 
     </span>
     <span class='ocr_line' id='line_1_4' title="bbox 807 368 1361 412; baseline -0.005 -4"><span class='ocrx_word' id='word_1_22' title='bbox 807 371 909 408; x_wconf 87' lang='lat' dir='ltr'>Tuus</span> <span class='ocrx_word' id='word_1_23' title='bbox 938 370 1094 407; x_wconf 81' lang='lat' dir='ltr'>fideliter</span> <span class='ocrx_word' id='word_1_24' title='bbox 1124 369 1163 406; x_wconf 89' lang='lat' dir='ltr'>in</span> <span class='ocrx_word' id='word_1_25' title='bbox 1194 368 1361 412; x_wconf 86' lang='lat' dir='ltr'>Christo,</span> 
     </span>
     <span class='ocr_line' id='line_1_5' title="bbox 417 437 1653 478; baseline -0.003 0"><span class='ocrx_word' id='word_1_26' title='bbox 417 452 679 478; x_wconf 80' lang='lat' dir='ltr'>INSCRIPTIO.</span> <span class='ocrx_word' id='word_1_27' title='bbox 1276 437 1365 475; x_wconf 87' lang='lat' dir='ltr'>TH.</span> <span class='ocrx_word' id='word_1_28' title='bbox 1396 437 1653 475; x_wconf 73' lang='lat' dir='ltr'><strong>LEVERUS.</strong></span> 
     </span>
     <span class='ocr_line' id='line_1_6' title="bbox 235 504 1000 544; baseline -0.007 -1"><span class='ocrx_word' id='word_1_29' title='bbox 235 508 500 544; x_wconf 74' lang='lat' dir='ltr'>Illustrissz&#39;mo</span> <span class='ocrx_word' id='word_1_30' title='bbox 529 509 610 543; x_wconf 71' lang='lat' dir='ltr'>viro</span> <span class='ocrx_word' id='word_1_31' title='bbox 636 506 801 543; x_wconf 76' lang='lat' dir='ltr'>Domino</span> <span class='ocrx_word' id='word_1_32' title='bbox 831 504 1000 540; x_wconf 66' lang='lat' dir='ltr'>Henrieo</span> 
     </span>
    </p>

    <p class='ocr_par' dir='ltr' id='par_1_3' title="bbox 291 568 1005 620">
     <span class='ocr_line' id='line_1_7' title="bbox 291 568 1005 620; baseline -0.007 -13"><span class='ocrx_word' id='word_1_33' title='bbox 291 572 512 620; x_wconf 78' lang='lat' dir='ltr'>thllz&#39;ngcro</span> <span class='ocrx_word' id='word_1_34' title='bbox 552 571 723 618; x_wconf 69' lang='lat' dir='ltr'>pientiss.</span> <span class='ocrx_word' id='word_1_35' title='bbox 764 572 796 604; x_wconf 76' lang='lat' dir='ltr'>et</span> <span class='ocrx_word' id='word_1_36' title='bbox 834 568 1005 614; x_wconf 69' lang='lat' dir='ltr'>vigilan-</span> 
     </span>
    </p>

    <p class='ocr_par' dir='ltr' id='par_1_4' title="bbox 289 631 1008 683">
     <span class='ocr_line' id='line_1_8' title="bbox 289 631 1008 683; baseline -0.007 -11"><span class='ocrx_word' id='word_1_37' title='bbox 289 636 434 672; x_wconf 73' lang='lat' dir='ltr'>tissimo</span> <span class='ocrx_word' id='word_1_38' title='bbox 468 635 580 683; x_wconf 75' lang='lat' dir='ltr'>patri</span> <span class='ocrx_word' id='word_1_39' title='bbox 625 639 736 681; x_wconf 71' lang='lat' dir='ltr'>alque</span> <span class='ocrx_word' id='word_1_40' title='bbox 771 633 927 681; x_wconf 73' lang='lat' dir='ltr'>pastori</span> <span class='ocrx_word' id='word_1_41' title='bbox 967 631 1008 667; x_wconf 74' lang='lat' dir='ltr'>in</span> 
     </span>
    </p>

    <p class='ocr_par' dir='ltr' id='par_1_5' title="bbox 288 700 449 735">
     <span class='ocr_line' id='line_1_9' title="bbox 288 700 449 735; baseline 0 0"><span class='ocrx_word' id='word_1_42' title='bbox 288 700 449 735; x_wconf 72' lang='lat' dir='ltr'>ecclesia.</span> 
     </span>
    </p>

    <p class='ocr_par' dir='ltr' id='par_1_6' title="bbox 552 751 704 800">
     <span class='ocr_line' id='line_1_10' title="bbox 552 751 704 800; baseline -0.007 -13"><span class='ocrx_word' id='word_1_43' title='bbox 552 751 704 800; x_wconf 78' lang='lat' dir='ltr'>Tigurz‘.</span> 
     </span>
    </p>
   </div>
   <div class='ocr_carea' id='block_1_3' title="bbox 634 901 1211 944">
    <p class='ocr_par' dir='ltr' id='par_1_7' title="bbox 634 901 1211 944">
     <span class='ocr_line' id='line_1_11' title="bbox 634 901 1211 944; baseline -0.002 0"><span class='ocrx_word' id='word_1_44' title='bbox 634 901 933 944; x_wconf 82' lang='lat' dir='ltr'><strong>EPISTOLA</strong></span> <span class='ocrx_word' id='word_1_45' title='bbox 975 901 1211 943; x_wconf 79' lang='lat' dir='ltr'>XXXVI.</span> 
     </span>
    </p>
   </div>
   <div class='ocr_carea' id='block_1_4' title="bbox 811 987 988 993">
    <p class='ocr_par' dir='ltr' id='par_1_8' title="bbox 811 987 988 993">
     <span class='ocr_line' id='line_1_12' title="bbox 811 987 988 993; baseline 0 0"><span class='ocrx_word' id='word_1_46' title='bbox 811 987 988 993; x_wconf 95' lang='lat' dir='ltr'> </span> 
     </span>
    </p>
   </div>
   <div class='ocr_carea' id='block_1_5' title="bbox 343 1026 1493 1060">
    <p class='ocr_par' dir='ltr' id='par_1_9' title="bbox 343 1026 1493 1060">
     <span class='ocr_line' id='line_1_13' title="bbox 343 1026 1493 1060; baseline -0.002 -2"><span class='ocrx_word' id='word_1_47' title='bbox 343 1028 599 1060; x_wconf 83' lang='lat' dir='ltr'><strong>JOHANNES</strong></span> <span class='ocrx_word' id='word_1_48' title='bbox 628 1028 837 1059; x_wconf 83' lang='lat' dir='ltr'>JUELLUS</span> <span class='ocrx_word' id='word_1_49' title='bbox 868 1028 937 1059; x_wconf 91' lang='lat' dir='ltr'>AD</span> <span class='ocrx_word' id='word_1_50' title='bbox 967 1026 1169 1058; x_wconf 82' lang='lat' dir='ltr'><strong>PETRUM</strong></span> <span class='ocrx_word' id='word_1_51' title='bbox 1199 1026 1493 1057; x_wconf 77' lang='lat' dir='ltr'><strong>MARTYREM.</strong></span> 
     </span>
    </p>
   </div>
   <div class='ocr_carea' id='block_1_6' title="bbox 125 1090 1708 2752">
    <p class='ocr_par' dir='ltr' id='par_1_10' title="bbox 125 1090 1706 1336">
     <span class='ocr_line' id='line_1_14' title="bbox 210 1090 1704 1143; baseline -0.003 -13"><span class='ocrx_word' id='word_1_52' title='bbox 210 1092 246 1130; x_wconf 89' lang='lat' dir='ltr'>S.</span> <span class='ocrx_word' id='word_1_53' title='bbox 269 1092 335 1130; x_wconf 74' lang='lat' dir='ltr'>PL.</span> <span class='ocrx_word' id='word_1_54' title='bbox 362 1092 400 1129; x_wconf 90' lang='lat' dir='ltr'>in</span> <span class='ocrx_word' id='word_1_55' title='bbox 422 1091 585 1130; x_wconf 85' lang='lat' dir='ltr'>Christo.</span> <span class='ocrx_word' id='word_1_56' title='bbox 638 1092 773 1143; x_wconf 85' lang='lat' dir='ltr'>Scripsi</span> <span class='ocrx_word' id='word_1_57' title='bbox 797 1093 844 1130; x_wconf 88' lang='lat' dir='ltr'>ad</span> <span class='ocrx_word' id='word_1_58' title='bbox 863 1098 901 1130; x_wconf 90' lang='lat' dir='ltr'>te</span> <span class='ocrx_word' id='word_1_59' title='bbox 922 1097 1009 1129; x_wconf 83' lang='lat' dir='ltr'>ante</span> <span class='ocrx_word' id='word_1_60' title='bbox 1036 1105 1113 1129; x_wconf 91' lang='lat' dir='ltr'>non</span> <span class='ocrx_word' id='word_1_61' title='bbox 1138 1092 1191 1128; x_wconf 80' lang='lat' dir='ltr'>ita</span> <span class='ocrx_word' id='word_1_62' title='bbox 1209 1092 1349 1129; x_wconf 77' lang='lat' dir='ltr'>multos</span> <span class='ocrx_word' id='word_1_63' title='bbox 1368 1092 1462 1137; x_wconf 82' lang='lat' dir='ltr'>dies,</span> <span class='ocrx_word' id='word_1_64' title='bbox 1481 1091 1512 1128; x_wconf 89' lang='lat' dir='ltr'>si</span> <span class='ocrx_word' id='word_1_65' title='bbox 1536 1090 1625 1127; x_wconf 79' lang='lat' dir='ltr'>satis</span> <span class='ocrx_word' id='word_1_66' title='bbox 1645 1103 1704 1127; x_wconf 82' lang='lat' dir='ltr'>me</span> 
     </span>
     <span class='ocr_line' id='line_1_15' title="bbox 132 1155 1705 1206; baseline -0.001 -13"><span class='ocrx_word' id='word_1_67' title='bbox 132 1157 298 1200; x_wconf 87' lang='lat' dir='ltr'>memini,</span> <span class='ocrx_word' id='word_1_68' title='bbox 314 1156 473 1194; x_wconf 90' lang='lat' dir='ltr'>calendis</span> <span class='ocrx_word' id='word_1_69' title='bbox 488 1157 512 1194; x_wconf 85' lang='lat' dir='ltr'><em>J</em></span> <span class='ocrx_word' id='word_1_70' title='bbox 515 1157 604 1202; x_wconf 90' lang='lat' dir='ltr'>unii,</span> <span class='ocrx_word' id='word_1_71' title='bbox 626 1157 672 1194; x_wconf 84' lang='lat' dir='ltr'>de</span> <span class='ocrx_word' id='word_1_72' title='bbox 692 1157 864 1194; x_wconf 84' lang='lat' dir='ltr'>universo</span> <span class='ocrx_word' id='word_1_73' title='bbox 884 1162 982 1194; x_wconf 83' lang='lat' dir='ltr'>statu</span> <span class='ocrx_word' id='word_1_74' title='bbox 999 1162 1209 1194; x_wconf 83' lang='lat' dir='ltr'>nostrarum</span> <span class='ocrx_word' id='word_1_75' title='bbox 1225 1169 1346 1193; x_wconf 87' lang='lat' dir='ltr'>rerum</span> <span class='ocrx_word' id='word_1_76' title='bbox 1364 1156 1427 1206; x_wconf 91' lang='lat' dir='ltr'>qui</span> <span class='ocrx_word' id='word_1_77' title='bbox 1443 1155 1499 1192; x_wconf 85' lang='lat' dir='ltr'>vel</span> <span class='ocrx_word' id='word_1_78' title='bbox 1518 1161 1596 1192; x_wconf 90' lang='lat' dir='ltr'>tum</span> <span class='ocrx_word' id='word_1_79' title='bbox 1615 1161 1705 1198; x_wconf 83' lang='lat' dir='ltr'>erat,</span> 
     </span>
     <span class='ocr_line' id='line_1_16' title="bbox 132 1220 1706 1271; baseline -0.001 -13"><span class='ocrx_word' id='word_1_80' title='bbox 132 1235 214 1259; x_wconf 91' lang='lat' dir='ltr'>cum</span> <span class='ocrx_word' id='word_1_81' title='bbox 234 1221 444 1265; x_wconf 84' lang='lat' dir='ltr'>scriberem,</span> <span class='ocrx_word' id='word_1_82' title='bbox 470 1221 529 1258; x_wconf 89' lang='lat' dir='ltr'>vel</span> <span class='ocrx_word' id='word_1_83' title='bbox 555 1228 654 1259; x_wconf 85' lang='lat' dir='ltr'>certe</span> <span class='ocrx_word' id='word_1_84' title='bbox 680 1235 761 1259; x_wconf 90' lang='lat' dir='ltr'>esse</span> <span class='ocrx_word' id='word_1_85' title='bbox 786 1221 990 1259; x_wconf 73' lang='lat' dir='ltr'>dicebatur.</span> <span class='ocrx_word' id='word_1_86' title='bbox 1047 1221 1159 1259; x_wconf 90' lang='lat' dir='ltr'>Nunc</span> <span class='ocrx_word' id='word_1_87' title='bbox 1184 1222 1311 1271; x_wconf 79' lang='lat' dir='ltr'>accipe</span> <span class='ocrx_word' id='word_1_88' title='bbox 1331 1235 1387 1265; x_wconf 86' lang='lat' dir='ltr'>ea,</span> <span class='ocrx_word' id='word_1_89' title='bbox 1407 1233 1492 1271; x_wconf 72' lang='lat' dir='ltr'>quae</span> <span class='ocrx_word' id='word_1_90' title='bbox 1512 1226 1548 1257; x_wconf 85' lang='lat' dir='ltr'>et</span> <span class='ocrx_word' id='word_1_91' title='bbox 1566 1220 1706 1270; x_wconf 83' lang='lat' dir='ltr'>passim</span> 
     </span>
     <span class='ocr_line' id='line_1_17' title="bbox 125 1285 1465 1336; baseline 0 -14"><span class='ocrx_word' id='word_1_92' title='bbox 125 1285 314 1335; x_wconf 84' lang='lat' dir='ltr'>jactantur</span> <span class='ocrx_word' id='word_1_93' title='bbox 332 1285 370 1322; x_wconf 88' lang='lat' dir='ltr'>in</span> <span class='ocrx_word' id='word_1_94' title='bbox 389 1285 538 1335; x_wconf 81' lang='lat' dir='ltr'>vulgus,</span> <span class='ocrx_word' id='word_1_95' title='bbox 558 1291 595 1323; x_wconf 92' lang='lat' dir='ltr'>et</span> <span class='ocrx_word' id='word_1_96' title='bbox 613 1285 794 1323; x_wconf 88' lang='lat' dir='ltr'>hodierno</span> <span class='ocrx_word' id='word_1_97' title='bbox 816 1286 876 1323; x_wconf 91' lang='lat' dir='ltr'>die</span> <span class='ocrx_word' id='word_1_98' title='bbox 897 1286 944 1323; x_wconf 86' lang='lat' dir='ltr'>ad</span> <span class='ocrx_word' id='word_1_99' title='bbox 963 1299 1023 1322; x_wconf 91' lang='lat' dir='ltr'>me</span> <span class='ocrx_word' id='word_1_100' title='bbox 1047 1299 1094 1323; x_wconf 87' lang='lat' dir='ltr'>ex</span> <span class='ocrx_word' id='word_1_101' title='bbox 1118 1286 1203 1323; x_wconf 84' lang='lat' dir='ltr'>aula</span> <span class='ocrx_word' id='word_1_102' title='bbox 1219 1285 1465 1336; x_wconf 80' lang='lat' dir='ltr'>perferuntur.</span> 
     </span>
    </p>

    <p class='ocr_par' dir='ltr' id='par_1_11' title="bbox 130 1349 1707 1788">
     <span class='ocr_line' id='line_1_18' title="bbox 210 1349 1707 1401; baseline -0.001 -15"><span class='ocrx_word' id='word_1_103' title='bbox 210 1349 267 1386; x_wconf 94' lang='lat' dir='ltr'>De</span> <span class='ocrx_word' id='word_1_104' title='bbox 287 1349 412 1387; x_wconf 81' lang='lat' dir='ltr'>Scotia</span> <span class='ocrx_word' id='word_1_105' title='bbox 429 1363 486 1387; x_wconf 89' lang='lat' dir='ltr'>res</span> <span class='ocrx_word' id='word_1_106' title='bbox 507 1350 679 1388; x_wconf 88' lang='lat' dir='ltr'>confecta</span> <span class='ocrx_word' id='word_1_107' title='bbox 697 1356 764 1388; x_wconf 88' lang='lat' dir='ltr'>est.</span> <span class='ocrx_word' id='word_1_108' title='bbox 812 1350 908 1388; x_wconf 90' lang='lat' dir='ltr'>Galli</span> <span class='ocrx_word' id='word_1_109' title='bbox 932 1350 1166 1401; x_wconf 70' lang='lat' dir='ltr'>praesidiarii,</span> <span class='ocrx_word' id='word_1_110' title='bbox 1195 1363 1290 1400; x_wconf 86' lang='lat' dir='ltr'>quos</span> <span class='ocrx_word' id='word_1_111' title='bbox 1315 1356 1445 1387; x_wconf 87' lang='lat' dir='ltr'>noster</span> <span class='ocrx_word' id='word_1_112' title='bbox 1462 1349 1570 1386; x_wconf 89' lang='lat' dir='ltr'>miles</span> <span class='ocrx_word' id='word_1_113' title='bbox 1590 1349 1707 1399; x_wconf 82' lang='lat' dir='ltr'>longa</span> 
     </span>
     <span class='ocr_line' id='line_1_19' title="bbox 130 1413 1705 1465; baseline 0 -15"><span class='ocrx_word' id='word_1_114' title='bbox 130 1414 302 1464; x_wconf 84' lang='lat' dir='ltr'>lentaque</span> <span class='ocrx_word' id='word_1_115' title='bbox 328 1414 521 1452; x_wconf 88' lang='lat' dir='ltr'>obsidione</span> <span class='ocrx_word' id='word_1_116' title='bbox 541 1421 578 1452; x_wconf 88' lang='lat' dir='ltr'>et</span> <span class='ocrx_word' id='word_1_117' title='bbox 598 1415 701 1465; x_wconf 85' lang='lat' dir='ltr'>quasi</span> <span class='ocrx_word' id='word_1_118' title='bbox 722 1428 787 1465; x_wconf 86' lang='lat' dir='ltr'>per</span> <span class='ocrx_word' id='word_1_119' title='bbox 804 1414 932 1452; x_wconf 90' lang='lat' dir='ltr'>ludum</span> <span class='ocrx_word' id='word_1_120' title='bbox 952 1421 1246 1465; x_wconf 82' lang='lat' dir='ltr'>oppugnaverat,</span> <span class='ocrx_word' id='word_1_121' title='bbox 1266 1420 1458 1465; x_wconf 83' lang='lat' dir='ltr'>postremo</span> <span class='ocrx_word' id='word_1_122' title='bbox 1477 1413 1514 1451; x_wconf 85' lang='lat' dir='ltr'>vi</span> <span class='ocrx_word' id='word_1_123' title='bbox 1531 1414 1705 1463; x_wconf 87' lang='lat' dir='ltr'>maloque</span> 
     </span>
     <span class='ocr_line' id='line_1_20' title="bbox 132 1478 1706 1528; baseline 0 -14"><span class='ocrx_word' id='word_1_124' title='bbox 132 1478 266 1522; x_wconf 83' lang='lat' dir='ltr'>coacti,</span> <span class='ocrx_word' id='word_1_125' title='bbox 301 1491 381 1515; x_wconf 87' lang='lat' dir='ltr'>sese</span> <span class='ocrx_word' id='word_1_126' title='bbox 407 1479 544 1515; x_wconf 84' lang='lat' dir='ltr'>nostris</span> <span class='ocrx_word' id='word_1_127' title='bbox 579 1479 812 1518; x_wconf 88' lang='lat' dir='ltr'>dediderunt.</span> <span class='ocrx_word' id='word_1_128' title='bbox 879 1479 1025 1517; x_wconf 88' lang='lat' dir='ltr'>Habita</span> <span class='ocrx_word' id='word_1_129' title='bbox 1061 1493 1083 1516; x_wconf 86' lang='lat' dir='ltr'>a</span> <span class='ocrx_word' id='word_1_130' title='bbox 1118 1480 1256 1516; x_wconf 87' lang='lat' dir='ltr'>nostris</span> <span class='ocrx_word' id='word_1_131' title='bbox 1288 1479 1385 1516; x_wconf 78' lang='lat' dir='ltr'>ratio</span> <span class='ocrx_word' id='word_1_132' title='bbox 1422 1478 1603 1528; x_wconf 77' lang='lat' dir='ltr'>imprimis</span> <span class='ocrx_word' id='word_1_133' title='bbox 1635 1485 1706 1522; x_wconf 88' lang='lat' dir='ltr'>est,</span> 
     </span>
     <span class='ocr_line' id='line_1_21' title="bbox 132 1542 1707 1592; baseline 0.001 -14"><span class='ocrx_word' id='word_1_134' title='bbox 132 1555 179 1578; x_wconf 90' lang='lat' dir='ltr'>ne</span> <span class='ocrx_word' id='word_1_135' title='bbox 198 1542 285 1592; x_wconf 87' lang='lat' dir='ltr'>quid</span> <span class='ocrx_word' id='word_1_136' title='bbox 303 1556 367 1592; x_wconf 88' lang='lat' dir='ltr'>per</span> <span class='ocrx_word' id='word_1_137' title='bbox 384 1542 620 1580; x_wconf 83' lang='lat' dir='ltr'>insolentiam</span> <span class='ocrx_word' id='word_1_138' title='bbox 640 1549 678 1581; x_wconf 85' lang='lat' dir='ltr'>et</span> <span class='ocrx_word' id='word_1_139' title='bbox 701 1544 844 1581; x_wconf 85' lang='lat' dir='ltr'>rabiem</span> <span class='ocrx_word' id='word_1_140' title='bbox 863 1543 1024 1581; x_wconf 88' lang='lat' dir='ltr'>militum</span> <span class='ocrx_word' id='word_1_141' title='bbox 1046 1544 1205 1581; x_wconf 88' lang='lat' dir='ltr'>nimium</span> <span class='ocrx_word' id='word_1_142' title='bbox 1231 1543 1431 1580; x_wconf 88' lang='lat' dir='ltr'>crudeliter</span> <span class='ocrx_word' id='word_1_143' title='bbox 1448 1543 1589 1580; x_wconf 85' lang='lat' dir='ltr'>factum</span> <span class='ocrx_word' id='word_1_144' title='bbox 1607 1542 1707 1580; x_wconf 73' lang='lat' dir='ltr'>vide«</span> 
     </span>
     <span class='ocr_line' id='line_1_22' title="bbox 132 1606 1704 1659; baseline 0.001 -17"><span class='ocrx_word' id='word_1_145' title='bbox 132 1611 240 1643; x_wconf 88' lang='lat' dir='ltr'>retur.</span> <span class='ocrx_word' id='word_1_146' title='bbox 302 1607 430 1656; x_wconf 86' lang='lat' dir='ltr'>Itaque</span> <span class='ocrx_word' id='word_1_147' title='bbox 462 1613 708 1658; x_wconf 67' lang='lat' dir='ltr'>praeterquam</span> <span class='ocrx_word' id='word_1_148' title='bbox 740 1608 838 1659; x_wconf 89' lang='lat' dir='ltr'>quod</span> <span class='ocrx_word' id='word_1_149' title='bbox 868 1608 1102 1646; x_wconf 86' lang='lat' dir='ltr'>velitationes</span> <span class='ocrx_word' id='word_1_150' title='bbox 1135 1608 1223 1652; x_wconf 83' lang='lat' dir='ltr'>illae,</span> <span class='ocrx_word' id='word_1_151' title='bbox 1256 1620 1342 1658; x_wconf 84' lang='lat' dir='ltr'>quae</span> <span class='ocrx_word' id='word_1_152' title='bbox 1379 1607 1547 1651; x_wconf 88' lang='lat' dir='ltr'>subinde,</span> <span class='ocrx_word' id='word_1_153' title='bbox 1578 1612 1618 1643; x_wconf 90' lang='lat' dir='ltr'>ut</span> <span class='ocrx_word' id='word_1_154' title='bbox 1649 1606 1704 1650; x_wconf 78' lang='lat' dir='ltr'>fit,</span> 
     </span>
     <span class='ocr_line' id='line_1_23' title="bbox 133 1670 1704 1724; baseline 0.001 -18"><span class='ocrx_word' id='word_1_155' title='bbox 133 1670 305 1721; x_wconf 87' lang='lat' dir='ltr'>utrinque</span> <span class='ocrx_word' id='word_1_156' title='bbox 341 1671 451 1709; x_wconf 78' lang='lat' dir='ltr'>factae</span> <span class='ocrx_word' id='word_1_157' title='bbox 487 1677 584 1717; x_wconf 87' lang='lat' dir='ltr'>sunt,</span> <span class='ocrx_word' id='word_1_158' title='bbox 626 1686 701 1710; x_wconf 89' lang='lat' dir='ltr'>non</span> <span class='ocrx_word' id='word_1_159' title='bbox 738 1678 942 1724; x_wconf 84' lang='lat' dir='ltr'>potuerunt</span> <span class='ocrx_word' id='word_1_160' title='bbox 980 1686 1061 1710; x_wconf 88' lang='lat' dir='ltr'>esse</span> <span class='ocrx_word' id='word_1_161' title='bbox 1097 1672 1320 1717; x_wconf 53' lang='lat' dir='ltr'>incruentae,</span> <span class='ocrx_word' id='word_1_162' title='bbox 1361 1684 1472 1722; x_wconf 86' lang='lat' dir='ltr'>quam</span> <span class='ocrx_word' id='word_1_163' title='bbox 1508 1671 1704 1708; x_wconf 87' lang='lat' dir='ltr'>minimum</span> 
     </span>
     <span class='ocr_line' id='line_1_24' title="bbox 134 1735 960 1788; baseline 0.004 -17"><span class='ocrx_word' id='word_1_164' title='bbox 134 1735 271 1785; x_wconf 82' lang='lat' dir='ltr'>alioqui</span> <span class='ocrx_word' id='word_1_165' title='bbox 297 1735 467 1773; x_wconf 81' lang='lat' dir='ltr'>haustum</span> <span class='ocrx_word' id='word_1_166' title='bbox 493 1742 549 1774; x_wconf 84' lang='lat' dir='ltr'>est</span> <span class='ocrx_word' id='word_1_167' title='bbox 572 1736 725 1774; x_wconf 90' lang='lat' dir='ltr'>humani</span> <span class='ocrx_word' id='word_1_168' title='bbox 750 1737 960 1788; x_wconf 83' lang='lat' dir='ltr'>sanguinis.</span> 
     </span>
    </p>

    <p class='ocr_par' dir='ltr' id='par_1_12' title="bbox 133 1799 1708 2752">
     <span class='ocr_line' id='line_1_25' title="bbox 214 1799 1704 1852; baseline 0.001 -17"><span class='ocrx_word' id='word_1_169' title='bbox 214 1799 352 1844; x_wconf 87' lang='lat' dir='ltr'>Gallus,</span> <span class='ocrx_word' id='word_1_170' title='bbox 378 1813 462 1837; x_wconf 89' lang='lat' dir='ltr'>cum</span> <span class='ocrx_word' id='word_1_171' title='bbox 481 1814 611 1851; x_wconf 86' lang='lat' dir='ltr'>pacem</span> <span class='ocrx_word' id='word_1_172' title='bbox 634 1802 794 1852; x_wconf 87' lang='lat' dir='ltr'>aliquam</span> <span class='ocrx_word' id='word_1_173' title='bbox 820 1802 895 1839; x_wconf 88' lang='lat' dir='ltr'>suis</span> <span class='ocrx_word' id='word_1_174' title='bbox 919 1801 1030 1839; x_wconf 88' lang='lat' dir='ltr'>rebus</span> <span class='ocrx_word' id='word_1_175' title='bbox 1053 1807 1248 1851; x_wconf 74' lang='lat' dir='ltr'>quaereret,</span> <span class='ocrx_word' id='word_1_176' title='bbox 1268 1800 1458 1851; x_wconf 85' lang='lat' dir='ltr'>pollicitus</span> <span class='ocrx_word' id='word_1_177' title='bbox 1483 1807 1551 1845; x_wconf 85' lang='lat' dir='ltr'>est,</span> <span class='ocrx_word' id='word_1_178' title='bbox 1576 1813 1615 1837; x_wconf 89' lang='lat' dir='ltr'>se</span> <span class='ocrx_word' id='word_1_179' title='bbox 1636 1800 1704 1837; x_wconf 89' lang='lat' dir='ltr'>im—</span> 
     </span>
     <span class='ocr_line' id='line_1_26' title="bbox 133 1864 1707 1916; baseline 0.002 -16"><span class='ocrx_word' id='word_1_180' title='bbox 133 1868 324 1913; x_wconf 86' lang='lat' dir='ltr'>posterum</span> <span class='ocrx_word' id='word_1_181' title='bbox 349 1864 563 1902; x_wconf 86' lang='lat' dir='ltr'>relicturum</span> <span class='ocrx_word' id='word_1_182' title='bbox 588 1879 666 1903; x_wconf 89' lang='lat' dir='ltr'>esse</span> <span class='ocrx_word' id='word_1_183' title='bbox 691 1867 819 1904; x_wconf 84' lang='lat' dir='ltr'>titulos</span> <span class='ocrx_word' id='word_1_184' title='bbox 847 1872 885 1904; x_wconf 89' lang='lat' dir='ltr'>et</span> <span class='ocrx_word' id='word_1_185' title='bbox 912 1866 1076 1916; x_wconf 79' lang='lat' dir='ltr'>insignia</span> <span class='ocrx_word' id='word_1_186' title='bbox 1097 1879 1228 1916; x_wconf 82' lang='lat' dir='ltr'>regum</span> <span class='ocrx_word' id='word_1_187' title='bbox 1256 1866 1422 1915; x_wconf 80' lang='lat' dir='ltr'>Angliae,</span> <span class='ocrx_word' id='word_1_188' title='bbox 1448 1878 1533 1915; x_wconf 79' lang='lat' dir='ltr'>quae</span> <span class='ocrx_word' id='word_1_189' title='bbox 1558 1871 1707 1915; x_wconf 86' lang='lat' dir='ltr'>propter</span> 
     </span>
     <span class='ocr_line' id='line_1_27' title="bbox 134 1927 1706 1981; baseline 0.001 -17"><span class='ocrx_word' id='word_1_190' title='bbox 134 1940 284 1965; x_wconf 83' lang='lat' dir='ltr'>uxorem</span> <span class='ocrx_word' id='word_1_191' title='bbox 311 1927 472 1972; x_wconf 83' lang='lat' dir='ltr'>Scotam,</span> <span class='ocrx_word' id='word_1_192' title='bbox 497 1930 707 1981; x_wconf 90' lang='lat' dir='ltr'>proneptim</span> <span class='ocrx_word' id='word_1_193' title='bbox 736 1931 893 1969; x_wconf 90' lang='lat' dir='ltr'>Henrici</span> <span class='ocrx_word' id='word_1_194' title='bbox 919 1930 1049 1975; x_wconf 63' lang='lat' dir='ltr'>VIII„</span> <span class='ocrx_word' id='word_1_195' title='bbox 1072 1930 1151 1980; x_wconf 84' lang='lat' dir='ltr'>jam</span> <span class='ocrx_word' id='word_1_196' title='bbox 1179 1936 1293 1967; x_wconf 89' lang='lat' dir='ltr'>antea</span> <span class='ocrx_word' id='word_1_197' title='bbox 1316 1942 1401 1967; x_wconf 89' lang='lat' dir='ltr'>cum</span> <span class='ocrx_word' id='word_1_198' title='bbox 1430 1929 1505 1966; x_wconf 90' lang='lat' dir='ltr'>suis</span> <span class='ocrx_word' id='word_1_199' title='bbox 1527 1930 1644 1967; x_wconf 89' lang='lat' dir='ltr'>titulis</span> <span class='ocrx_word' id='word_1_200' title='bbox 1668 1935 1706 1967; x_wconf 89' lang='lat' dir='ltr'>et</span> 
     </span>
     <span class='ocr_line' id='line_1_28' title="bbox 133 1992 1706 2046; baseline 0.001 -18"><span class='ocrx_word' id='word_1_201' title='bbox 133 1992 343 2041; x_wconf 85' lang='lat' dir='ltr'>insignibus</span> <span class='ocrx_word' id='word_1_202' title='bbox 367 1993 521 2030; x_wconf 88' lang='lat' dir='ltr'>miscere</span> <span class='ocrx_word' id='word_1_203' title='bbox 540 2001 719 2045; x_wconf 85' lang='lat' dir='ltr'>coeperat,</span> <span class='ocrx_word' id='word_1_204' title='bbox 739 2009 851 2046; x_wconf 89' lang='lat' dir='ltr'>seque</span> <span class='ocrx_word' id='word_1_205' title='bbox 877 1994 1034 2046; x_wconf 87' lang='lat' dir='ltr'>posthac</span> <span class='ocrx_word' id='word_1_206' title='bbox 1052 1994 1238 2032; x_wconf 86' lang='lat' dir='ltr'>veteribus</span> <span class='ocrx_word' id='word_1_207' title='bbox 1260 1999 1407 2031; x_wconf 89' lang='lat' dir='ltr'>tantum</span> <span class='ocrx_word' id='word_1_208' title='bbox 1425 1993 1514 2030; x_wconf 89' lang='lat' dir='ltr'>liliis</span> <span class='ocrx_word' id='word_1_209' title='bbox 1535 1999 1572 2031; x_wconf 86' lang='lat' dir='ltr'>et</span> <span class='ocrx_word' id='word_1_210' title='bbox 1597 1994 1706 2031; x_wconf 87' lang='lat' dir='ltr'>avitis</span> 
     </span>
     <span class='ocr_line' id='line_1_29' title="bbox 134 2056 1708 2110; baseline 0.003 -18"><span class='ocrx_word' id='word_1_211' title='bbox 134 2056 251 2093; x_wconf 85' lang='lat' dir='ltr'>titulis</span> <span class='ocrx_word' id='word_1_212' title='bbox 282 2062 500 2094; x_wconf 89' lang='lat' dir='ltr'>contentum</span> <span class='ocrx_word' id='word_1_213' title='bbox 532 2057 632 2096; x_wconf 90' lang='lat' dir='ltr'>fore:</span> <span class='ocrx_word' id='word_1_214' title='bbox 678 2072 837 2109; x_wconf 82' lang='lat' dir='ltr'>regnum</span> <span class='ocrx_word' id='word_1_215' title='bbox 877 2060 1018 2097; x_wconf 80' lang='lat' dir='ltr'>Scotiae</span> <span class='ocrx_word' id='word_1_216' title='bbox 1050 2072 1116 2110; x_wconf 92' lang='lat' dir='ltr'>per</span> <span class='ocrx_word' id='word_1_217' title='bbox 1153 2059 1353 2096; x_wconf 87' lang='lat' dir='ltr'>duodecim</span> <span class='ocrx_word' id='word_1_218' title='bbox 1385 2058 1496 2103; x_wconf 88' lang='lat' dir='ltr'>viros,</span> <span class='ocrx_word' id='word_1_219' title='bbox 1536 2058 1708 2097; x_wconf 88' lang='lat' dir='ltr'>homines</span> 
     </span>
     <span class='ocr_line' id='line_1_30' title="bbox 136 2120 1708 2175; baseline 0.003 -19"><span class='ocrx_word' id='word_1_220' title='bbox 136 2120 284 2166; x_wconf 84' lang='lat' dir='ltr'>Scotos,</span> <span class='ocrx_word' id='word_1_221' title='bbox 310 2121 607 2159; x_wconf 83' lang='lat' dir='ltr'>administratum</span> <span class='ocrx_word' id='word_1_222' title='bbox 633 2123 701 2160; x_wconf 88' lang='lat' dir='ltr'>iri:</span> <span class='ocrx_word' id='word_1_223' title='bbox 740 2124 770 2161; x_wconf 87' lang='lat' dir='ltr'>si</span> <span class='ocrx_word' id='word_1_224' title='bbox 803 2124 891 2174; x_wconf 87' lang='lat' dir='ltr'>quid</span> <span class='ocrx_word' id='word_1_225' title='bbox 920 2123 1077 2175; x_wconf 87' lang='lat' dir='ltr'>posthac</span> <span class='ocrx_word' id='word_1_226' title='bbox 1107 2129 1260 2161; x_wconf 87' lang='lat' dir='ltr'>vocetur</span> <span class='ocrx_word' id='word_1_227' title='bbox 1288 2123 1328 2160; x_wconf 92' lang='lat' dir='ltr'>in</span> <span class='ocrx_word' id='word_1_228' title='bbox 1357 2123 1618 2174; x_wconf 80' lang='lat' dir='ltr'>quaestionem,</span> <span class='ocrx_word' id='word_1_229' title='bbox 1649 2123 1708 2161; x_wconf 86' lang='lat' dir='ltr'>vel</span> 
     </span>
     <span class='ocr_line' id='line_1_31' title="bbox 136 2184 1706 2239; baseline 0.003 -18"><span class='ocrx_word' id='word_1_230' title='bbox 136 2184 182 2221; x_wconf 89' lang='lat' dir='ltr'>de</span> <span class='ocrx_word' id='word_1_231' title='bbox 209 2184 392 2234; x_wconf 83' lang='lat' dir='ltr'>religione</span> <span class='ocrx_word' id='word_1_232' title='bbox 418 2186 473 2222; x_wconf 93' lang='lat' dir='ltr'>vel</span> <span class='ocrx_word' id='word_1_233' title='bbox 496 2186 541 2223; x_wconf 90' lang='lat' dir='ltr'>de</span> <span class='ocrx_word' id='word_1_234' title='bbox 570 2187 771 2238; x_wconf 82' lang='lat' dir='ltr'>republica,</span> <span class='ocrx_word' id='word_1_235' title='bbox 800 2188 880 2238; x_wconf 88' lang='lat' dir='ltr'>ejus</span> <span class='ocrx_word' id='word_1_236' title='bbox 907 2189 959 2226; x_wconf 86' lang='lat' dir='ltr'>rei</span> <span class='ocrx_word' id='word_1_237' title='bbox 986 2187 1168 2239; x_wconf 86' lang='lat' dir='ltr'>judicium</span> <span class='ocrx_word' id='word_1_238' title='bbox 1198 2187 1276 2225; x_wconf 85' lang='lat' dir='ltr'>fore</span> <span class='ocrx_word' id='word_1_239' title='bbox 1306 2200 1420 2238; x_wconf 89' lang='lat' dir='ltr'>penes</span> <span class='ocrx_word' id='word_1_240' title='bbox 1449 2187 1566 2225; x_wconf 88' lang='lat' dir='ltr'>totius</span> <span class='ocrx_word' id='word_1_241' title='bbox 1596 2188 1706 2238; x_wconf 82' lang='lat' dir='ltr'>regni</span> 
     </span>
     <span class='ocr_line' id='line_1_32' title="bbox 135 2249 1705 2303; baseline 0.003 -18"><span class='ocrx_word' id='word_1_242' title='bbox 135 2249 429 2299; x_wconf 84' lang='lat' dir='ltr'>parlamentum:</span> <span class='ocrx_word' id='word_1_243' title='bbox 468 2256 617 2288; x_wconf 88' lang='lat' dir='ltr'>centum</span> <span class='ocrx_word' id='word_1_244' title='bbox 649 2257 796 2289; x_wconf 85' lang='lat' dir='ltr'>tantum</span> <span class='ocrx_word' id='word_1_245' title='bbox 831 2259 868 2290; x_wconf 85' lang='lat' dir='ltr'>ct</span> <span class='ocrx_word' id='word_1_246' title='bbox 900 2253 1036 2303; x_wconf 80' lang='lat' dir='ltr'>viginti</span> <span class='ocrx_word' id='word_1_247' title='bbox 1068 2252 1207 2289; x_wconf 88' lang='lat' dir='ltr'>milites</span> <span class='ocrx_word' id='word_1_248' title='bbox 1237 2252 1366 2289; x_wconf 86' lang='lat' dir='ltr'>Gallos</span> <span class='ocrx_word' id='word_1_249' title='bbox 1393 2252 1563 2289; x_wconf 87' lang='lat' dir='ltr'>relictum</span> <span class='ocrx_word' id='word_1_250' title='bbox 1593 2252 1637 2289; x_wconf 87' lang='lat' dir='ltr'>iri</span> <span class='ocrx_word' id='word_1_251' title='bbox 1666 2252 1705 2289; x_wconf 89' lang='lat' dir='ltr'>in</span> 
     </span>
     <span class='ocr_line' id='line_1_33' title="bbox 136 2314 1706 2368; baseline 0.003 -18"><span class='ocrx_word' id='word_1_252' title='bbox 136 2319 217 2351; x_wconf 86' lang='lat' dir='ltr'>tota</span> <span class='ocrx_word' id='word_1_253' title='bbox 243 2314 383 2361; x_wconf 69' lang='lat' dir='ltr'>Scoffla,</span> <span class='ocrx_word' id='word_1_254' title='bbox 407 2329 483 2353; x_wconf 88' lang='lat' dir='ltr'>non</span> <span class='ocrx_word' id='word_1_255' title='bbox 509 2317 571 2366; x_wconf 92' lang='lat' dir='ltr'>qui</span> <span class='ocrx_word' id='word_1_256' title='bbox 600 2316 652 2353; x_wconf 87' lang='lat' dir='ltr'>illi</span> <span class='ocrx_word' id='word_1_257' title='bbox 679 2331 796 2368; x_wconf 86' lang='lat' dir='ltr'>regno</span> <span class='ocrx_word' id='word_1_258' title='bbox 824 2324 951 2355; x_wconf 86' lang='lat' dir='ltr'>creent</span> <span class='ocrx_word' id='word_1_259' title='bbox 976 2317 1196 2368; x_wconf 88' lang='lat' dir='ltr'>periculum,</span> <span class='ocrx_word' id='word_1_260' title='bbox 1224 2317 1289 2354; x_wconf 89' lang='lat' dir='ltr'>sed</span> <span class='ocrx_word' id='word_1_261' title='bbox 1314 2317 1377 2367; x_wconf 89' lang='lat' dir='ltr'>qui</span> <span class='ocrx_word' id='word_1_262' title='bbox 1400 2322 1567 2368; x_wconf 78' lang='lat' dir='ltr'>acceptae</span> <span class='ocrx_word' id='word_1_263' title='bbox 1592 2317 1706 2354; x_wconf 80' lang='lat' dir='ltr'>cladis</span> 
     </span>
     <span class='ocr_line' id='line_1_34' title="bbox 138 2379 1706 2432; baseline 0.002 -17"><span class='ocrx_word' id='word_1_264' title='bbox 138 2384 175 2415; x_wconf 86' lang='lat' dir='ltr'>ct</span> <span class='ocrx_word' id='word_1_265' title='bbox 210 2379 399 2416; x_wconf 88' lang='lat' dir='ltr'>dedecoris</span> <span class='ocrx_word' id='word_1_266' title='bbox 430 2385 545 2417; x_wconf 87' lang='lat' dir='ltr'>testes</span> <span class='ocrx_word' id='word_1_267' title='bbox 580 2394 661 2418; x_wconf 88' lang='lat' dir='ltr'>esse</span> <span class='ocrx_word' id='word_1_268' title='bbox 693 2382 850 2432; x_wconf 79' lang='lat' dir='ltr'>possint,</span> <span class='ocrx_word' id='word_1_269' title='bbox 889 2382 920 2419; x_wconf 86' lang='lat' dir='ltr'>si</span> <span class='ocrx_word' id='word_1_270' title='bbox 958 2382 1039 2432; x_wconf 89' lang='lat' dir='ltr'>quis</span> <span class='ocrx_word' id='word_1_271' title='bbox 1076 2381 1115 2418; x_wconf 89' lang='lat' dir='ltr'>in</span> <span class='ocrx_word' id='word_1_272' title='bbox 1150 2387 1339 2432; x_wconf 86' lang='lat' dir='ltr'>posterum</span> <span class='ocrx_word' id='word_1_273' title='bbox 1379 2394 1423 2418; x_wconf 87' lang='lat' dir='ltr'>ea</span> <span class='ocrx_word' id='word_1_274' title='bbox 1458 2381 1502 2418; x_wconf 89' lang='lat' dir='ltr'>de</span> <span class='ocrx_word' id='word_1_275' title='bbox 1535 2394 1574 2418; x_wconf 89' lang='lat' dir='ltr'>re</span> <span class='ocrx_word' id='word_1_276' title='bbox 1611 2381 1706 2418; x_wconf 86' lang='lat' dir='ltr'>forte</span> 
     </span>
     <span class='ocr_line' id='line_1_35' title="bbox 139 2441 1706 2496; baseline 0.003 -19"><span class='ocrx_word' id='word_1_277' title='bbox 139 2441 304 2486; x_wconf 82' lang='lat' dir='ltr'>dubitet3</span> <span class='ocrx_word' id='word_1_278' title='bbox 346 2456 408 2479; x_wconf 87' lang='lat' dir='ltr'>eos</span> <span class='ocrx_word' id='word_1_279' title='bbox 439 2444 532 2480; x_wconf 88' lang='lat' dir='ltr'>velle</span> <span class='ocrx_word' id='word_1_280' title='bbox 562 2443 759 2482; x_wconf 89' lang='lat' dir='ltr'>duodecim</span> <span class='ocrx_word' id='word_1_281' title='bbox 790 2446 952 2483; x_wconf 86' lang='lat' dir='ltr'>virorum</span> <span class='ocrx_word' id='word_1_282' title='bbox 989 2447 1147 2490; x_wconf 88' lang='lat' dir='ltr'>senatui,</span> <span class='ocrx_word' id='word_1_283' title='bbox 1186 2446 1217 2483; x_wconf 80' lang='lat' dir='ltr'>si</span> <span class='ocrx_word' id='word_1_284' title='bbox 1249 2446 1338 2496; x_wconf 87' lang='lat' dir='ltr'>quid</span> <span class='ocrx_word' id='word_1_285' title='bbox 1368 2445 1565 2496; x_wconf 83' lang='lat' dir='ltr'>imperent,</span> <span class='ocrx_word' id='word_1_286' title='bbox 1605 2445 1706 2483; x_wconf 85' lang='lat' dir='ltr'>dicto</span> 
     </span>
     <span class='ocr_line' id='line_1_36' title="bbox 139 2505 1707 2560; baseline 0.003 -19"><span class='ocrx_word' id='word_1_287' title='bbox 139 2505 329 2542; x_wconf 85' lang='lat' dir='ltr'>audientes</span> <span class='ocrx_word' id='word_1_288' title='bbox 359 2519 450 2543; x_wconf 86' lang='lat' dir='ltr'>esse.</span> <span class='ocrx_word' id='word_1_289' title='bbox 507 2507 581 2544; x_wconf 82' lang='lat' dir='ltr'>His</span> <span class='ocrx_word' id='word_1_290' title='bbox 607 2509 882 2547; x_wconf 87' lang='lat' dir='ltr'>conditionibus</span> <span class='ocrx_word' id='word_1_291' title='bbox 908 2510 1078 2560; x_wconf 87' lang='lat' dir='ltr'>utrinque</span> <span class='ocrx_word' id='word_1_292' title='bbox 1104 2510 1307 2548; x_wconf 82' lang='lat' dir='ltr'>discessum</span> <span class='ocrx_word' id='word_1_293' title='bbox 1339 2515 1407 2547; x_wconf 86' lang='lat' dir='ltr'>est.</span> <span class='ocrx_word' id='word_1_294' title='bbox 1463 2508 1584 2547; x_wconf 88' lang='lat' dir='ltr'>Letha</span> <span class='ocrx_word' id='word_1_295' title='bbox 1611 2523 1669 2560; x_wconf 56' lang='lat' dir='ltr'>pr„</span> <span class='ocrx_word' id='word_1_296' title='bbox 1692 2532 1707 2537; x_wconf 93' lang='lat'>-</span> 
     </span>
     <span class='ocr_line' id='line_1_37' title="bbox 139 2568 1706 2625; baseline 0.004 -21"><span class='ocrx_word' id='word_1_297' title='bbox 139 2568 271 2605; x_wconf 89' lang='lat' dir='ltr'>sidium</span> <span class='ocrx_word' id='word_1_298' title='bbox 294 2569 374 2605; x_wconf 90' lang='lat' dir='ltr'>solo</span> <span class='ocrx_word' id='word_1_299' title='bbox 401 2577 548 2620; x_wconf 77' lang='lat' dir='ltr'>aequata</span> <span class='ocrx_word' id='word_1_300' title='bbox 575 2577 632 2608; x_wconf 86' lang='lat' dir='ltr'>est</span> <span class='ocrx_word' id='word_1_301' title='bbox 659 2586 680 2609; x_wconf 88' lang='lat' dir='ltr'>a</span> <span class='ocrx_word' id='word_1_302' title='bbox 705 2579 833 2610; x_wconf 85' lang='lat' dir='ltr'>nostro</span> <span class='ocrx_word' id='word_1_303' title='bbox 860 2574 994 2611; x_wconf 82' lang='lat' dir='ltr'>milite.</span> <span class='ocrx_word' id='word_1_304' title='bbox 1049 2574 1146 2612; x_wconf 88' lang='lat' dir='ltr'>Galli</span> <span class='ocrx_word' id='word_1_305' title='bbox 1169 2574 1336 2625; x_wconf 85' lang='lat' dir='ltr'>impositi</span> <span class='ocrx_word' id='word_1_306' title='bbox 1364 2579 1450 2611; x_wconf 90' lang='lat' dir='ltr'>sunt</span> <span class='ocrx_word' id='word_1_307' title='bbox 1473 2574 1511 2610; x_wconf 91' lang='lat' dir='ltr'>in</span> <span class='ocrx_word' id='word_1_308' title='bbox 1538 2574 1706 2618; x_wconf 84' lang='lat' dir='ltr'>classem,</span> 
     </span>
     <span class='ocr_line' id='line_1_38' title="bbox 140 2632 1707 2688; baseline 0.004 -21"><span class='ocrx_word' id='word_1_309' title='bbox 140 2637 182 2668; x_wconf 81' lang='lat' dir='ltr'>ut</span> <span class='ocrx_word' id='word_1_310' title='bbox 210 2632 473 2671; x_wconf 86' lang='lat' dir='ltr'>abducerentur</span> <span class='ocrx_word' id='word_1_311' title='bbox 501 2635 665 2680; x_wconf 86' lang='lat' dir='ltr'>domum,</span> <span class='ocrx_word' id='word_1_312' title='bbox 694 2637 820 2674; x_wconf 77' lang='lat' dir='ltr'>moesti</span> <span class='ocrx_word' id='word_1_313' title='bbox 848 2643 886 2674; x_wconf 86' lang='lat' dir='ltr'>et</span> <span class='ocrx_word' id='word_1_314' title='bbox 913 2637 1039 2675; x_wconf 82' lang='lat' dir='ltr'>afflicti</span> <span class='ocrx_word' id='word_1_315' title='bbox 1072 2638 1135 2675; x_wconf 84' lang='lat' dir='ltr'>vix</span> <span class='ocrx_word' id='word_1_316' title='bbox 1164 2651 1249 2676; x_wconf 92' lang='lat' dir='ltr'>cum</span> <span class='ocrx_word' id='word_1_317' title='bbox 1281 2638 1439 2688; x_wconf 84' lang='lat' dir='ltr'>singulis</span> <span class='ocrx_word' id='word_1_318' title='bbox 1464 2638 1707 2675; x_wconf 85' lang='lat' dir='ltr'>vestimentis.</span> 
     </span>
     <span class='ocr_line' id='line_1_39' title="bbox 143 2694 1708 2752; baseline 0.006 -22"><span class='ocrx_word' id='word_1_319' title='bbox 143 2694 220 2732; x_wconf 85' lang='lat' dir='ltr'>Ista</span> <span class='ocrx_word' id='word_1_320' title='bbox 249 2708 331 2744; x_wconf 81' lang='lat' dir='ltr'>ch,</span> <span class='ocrx_word' id='word_1_321' title='bbox 357 2696 408 2733; x_wconf 89' lang='lat' dir='ltr'>mi</span> <span class='ocrx_word' id='word_1_322' title='bbox 432 2702 545 2746; x_wconf 83' lang='lat' dir='ltr'>pater,</span> <span class='ocrx_word' id='word_1_323' title='bbox 575 2699 701 2737; x_wconf 83' lang='lat' dir='ltr'>omnia</span> <span class='ocrx_word' id='word_1_324' title='bbox 728 2714 804 2738; x_wconf 91' lang='lat' dir='ltr'>non</span> <span class='ocrx_word' id='word_1_325' title='bbox 831 2701 960 2738; x_wconf 82' lang='lat' dir='ltr'>dubito</span> <span class='ocrx_word' id='word_1_326' title='bbox 988 2701 1035 2738; x_wconf 82' lang='lat' dir='ltr'>ad</span> <span class='ocrx_word' id='word_1_327' title='bbox 1063 2715 1128 2738; x_wconf 90' lang='lat' dir='ltr'>vos</span> <span class='ocrx_word' id='word_1_328' title='bbox 1153 2702 1233 2752; x_wconf 85' lang='lat' dir='ltr'>jam</span> <span class='ocrx_word' id='word_1_329' title='bbox 1258 2709 1369 2740; x_wconf 84' lang='lat' dir='ltr'>antea</span> <span class='ocrx_word' id='word_1_330' title='bbox 1395 2702 1452 2740; x_wconf 91' lang='lat' dir='ltr'>vel</span> <span class='ocrx_word' id='word_1_331' title='bbox 1477 2701 1623 2739; x_wconf 84' lang='lat' dir='ltr'>nunciis</span> <span class='ocrx_word' id='word_1_332' title='bbox 1649 2702 1708 2739; x_wconf 84' lang='lat' dir='ltr'>vel</span> 
     </span>
    </p>
   </div>
   <div class='ocr_carea' id='block_1_7' title="bbox 139 2759 1708 2878">
    <p class='ocr_par' dir='ltr' id='par_1_13' title="bbox 139 2759 1708 2878">
     <span class='ocr_line' id='line_1_40' title="bbox 139 2759 1708 2810; baseline 0.006 -16"><span class='ocrx_word' id='word_1_333' title='bbox 139 2759 343 2795; x_wconf 83' lang='lat' dir='ltr'>rumoribus</span> <span class='ocrx_word' id='word_1_334' title='bbox 374 2760 511 2808; x_wconf 75' lang='lat' dir='ltr'>perlata</span> <span class='ocrx_word' id='word_1_335' title='bbox 537 2775 628 2801; x_wconf 88' lang='lat' dir='ltr'>esse.</span> <span class='ocrx_word' id='word_1_336' title='bbox 681 2764 823 2801; x_wconf 87' lang='lat' dir='ltr'>Tamen</span> <span class='ocrx_word' id='word_1_337' title='bbox 857 2778 900 2802; x_wconf 86' lang='lat' dir='ltr'>ea</span> <span class='ocrx_word' id='word_1_338' title='bbox 929 2778 1005 2802; x_wconf 88' lang='lat' dir='ltr'>non</span> <span class='ocrx_word' id='word_1_339' title='bbox 1035 2765 1165 2803; x_wconf 87' lang='lat' dir='ltr'>dubito</span> <span class='ocrx_word' id='word_1_340' title='bbox 1194 2767 1263 2804; x_wconf 89' lang='lat' dir='ltr'>tibi</span> <span class='ocrx_word' id='word_1_341' title='bbox 1292 2767 1405 2804; x_wconf 84' lang='lat' dir='ltr'>etiam</span> <span class='ocrx_word' id='word_1_342' title='bbox 1437 2779 1549 2810; x_wconf 89' lang='lat' dir='ltr'>nunc,</span> <span class='ocrx_word' id='word_1_343' title='bbox 1577 2779 1661 2803; x_wconf 89' lang='lat' dir='ltr'>cum</span> <span class='ocrx_word' id='word_1_344' title='bbox 1686 2780 1708 2804; x_wconf 87' lang='lat' dir='ltr'>a</span> 
     </span>
     <span class='ocr_line' id='line_1_41' title="bbox 140 2825 1131 2878; baseline 0.009 -20"><span class='ocrx_word' id='word_1_345' title='bbox 140 2835 200 2859; x_wconf 89' lang='lat' dir='ltr'>mc</span> <span class='ocrx_word' id='word_1_346' title='bbox 225 2828 428 2867; x_wconf 84' lang='lat' dir='ltr'>narrantur,</span> <span class='ocrx_word' id='word_1_347' title='bbox 453 2837 520 2861; x_wconf 88' lang='lat' dir='ltr'>nec</span> <span class='ocrx_word' id='word_1_348' title='bbox 546 2825 746 2876; x_wconf 89' lang='lat' dir='ltr'>injucunda</span> <span class='ocrx_word' id='word_1_349' title='bbox 770 2842 840 2866; x_wconf 89' lang='lat' dir='ltr'>nec</span> <span class='ocrx_word' id='word_1_350' title='bbox 868 2830 1017 2878; x_wconf 77' lang='lat' dir='ltr'>ingrata</span> <span class='ocrx_word' id='word_1_351' title='bbox 1042 2829 1131 2867; x_wconf 85' lang='lat' dir='ltr'>fore.</span> 
     </span>
    </p>
   </div>
   <div class='ocr_carea' id='block_1_8' title="bbox 140 2886 1708 3011">
    <p class='ocr_par' dir='ltr' id='par_1_14' title="bbox 140 2886 1708 3011">
     <span class='ocr_line' id='line_1_42' title="bbox 220 2886 1707 2946; baseline 0.008 -25"><span class='ocrx_word' id='word_1_352' title='bbox 220 2886 308 2923; x_wconf 81' lang='lat' dir='ltr'>Dux</span> <span class='ocrx_word' id='word_1_353' title='bbox 328 2886 511 2924; x_wconf 74' lang='lat' dir='ltr'>Holsatioe</span> <span class='ocrx_word' id='word_1_354' title='bbox 530 2889 620 2926; x_wconf 85' lang='lat' dir='ltr'>abiit</span> <span class='ocrx_word' id='word_1_355' title='bbox 645 2891 796 2929; x_wconf 90' lang='lat' dir='ltr'>domum</span> <span class='ocrx_word' id='word_1_356' title='bbox 821 2893 1020 2942; x_wconf 81' lang='lat' dir='ltr'>magnifice</span> <span class='ocrx_word' id='word_1_357' title='bbox 1050 2899 1226 2944; x_wconf 85' lang='lat' dir='ltr'>acceptus</span> <span class='ocrx_word' id='word_1_358' title='bbox 1251 2908 1273 2932; x_wconf 89' lang='lat' dir='ltr'>a</span> <span class='ocrx_word' id='word_1_359' title='bbox 1295 2895 1446 2940; x_wconf 84' lang='lat' dir='ltr'>nostris,</span> <span class='ocrx_word' id='word_1_360' title='bbox 1471 2896 1622 2946; x_wconf 78' lang='lat' dir='ltr'>egregie</span> <span class='ocrx_word' id='word_1_361' title='bbox 1642 2895 1707 2933; x_wconf 85' lang='lat' dir='ltr'>do-</span> 
     </span>
     <span class='ocr_line' id='line_1_43' title="bbox 140 2950 1708 3011; baseline 0.006 -24"><span class='ocrx_word' id='word_1_362' title='bbox 140 2957 249 2988; x_wconf 87' lang='lat' dir='ltr'>natus</span> <span class='ocrx_word' id='word_1_363' title='bbox 267 2964 289 2987; x_wconf 86' lang='lat' dir='ltr'>a</span> <span class='ocrx_word' id='word_1_364' title='bbox 302 2950 460 3001; x_wconf 80' lang='lat' dir='ltr'>Regina,</span> <span class='ocrx_word' id='word_1_365' title='bbox 479 2959 673 3004; x_wconf 82' lang='lat' dir='ltr'>cooptatus</span> <span class='ocrx_word' id='word_1_366' title='bbox 692 2955 730 2993; x_wconf 90' lang='lat' dir='ltr'>in</span> <span class='ocrx_word' id='word_1_367' title='bbox 750 2956 917 2994; x_wconf 88' lang='lat' dir='ltr'>ordinem</span> <span class='ocrx_word' id='word_1_368' title='bbox 938 2956 1151 3007; x_wconf 79' lang='lat' dir='ltr'>garterium,</span> <span class='ocrx_word' id='word_1_369' title='bbox 1170 2964 1321 2997; x_wconf 84' lang='lat' dir='ltr'>ornatus</span> <span class='ocrx_word' id='word_1_370' title='bbox 1336 2972 1447 2997; x_wconf 82' lang='lat' dir='ltr'>aurea</span> <span class='ocrx_word' id='word_1_371' title='bbox 1465 2965 1502 2998; x_wconf 87' lang='lat' dir='ltr'>et</span> <span class='ocrx_word' id='word_1_372' title='bbox 1521 2966 1708 3011; x_wconf 83' lang='lat' dir='ltr'>gemmata</span> 
     </span>
    </p>
   </div>
  </div>
 </body>
</html>
