1845 3233
68 147 164 205 vm]
373 178 375 180 v
581 159 636 184 AD
669 157 831 184 PETRUM
866 155 1109 182 MARTYREM.
1597 137 1649 176 11

640 315 944 358 EPISTOLA
986 314 1096 356 VII.

271 463 547 495 'JOHANNES
579 462 792 494 JUELLUs
821 462 889 493 AD
918 459 1123 491 PETRUM
1153 457 1448 490 MARTYREM.

151 541 188 579 S.
210 541 251 578 P.
307 539 473 578 ACCEPI
493 546 619 578 ternas
638 554 660 577 a
678 545 715 576 te
735 539 875 583 literas,
899 551 1031 575 omnes
1052 537 1184 575 eodem
1206 537 1322 574 ferme
1345 541 1538 585 tempore:
1569 546 1655 585 quae

71 619 156 644 cum
170 604 298 642 multis
314 605 359 642 de
375 605 497 642 causis
516 604 607 642 mihi
628 609 764 648 essent,
780 609 822 640 ut
836 608 934 640 certe
952 602 1149 645 debebant,
1165 600 1459 650 jucundissimae,
1480 599 1538 636 vel
1557 600 1657 649 quod

72 676 199 708 essent
226 683 249 706 a
276 675 326 714 te,
346 669 404 706 vel
430 668 529 720 quod
549 681 671 706 rerum
696 674 845 705 tuarum
870 672 1008 703 statum
1034 665 1288 716 significarent
1312 670 1350 701 et
1377 677 1544 701 amorem
1567 677 1657 713 erga

72 748 132 772 me
150 740 278 779 tuum;
308 739 435 771 tamen
462 734 564 771 nulla
582 733 654 770 alia
680 745 791 769 causa
814 731 908 768 mihi
933 731 1022 768 visae
1043 735 1130 767 sunt
1153 729 1404 780 jucundiores,
1425 742 1537 779 quam
1557 730 1657 779 quod

72 799 237 837 officium
263 811 389 835 meum
417 798 657 848 requirerent,
688 809 823 847 meque
850 795 906 832 vel
933 795 1132 832 oblivionis
1153 795 1210 831 vel
1237 794 1423 831 tarditatis
1452 793 1584 830 blande
1613 807 1655 830 a(-

72 864 187 901 tacite
215 868 456 907 accusarent3
496 875 652 913 quorum
684 862 841 898 alterum
874 860 1099 910 magnitudo
1127 865 1275 896 tuorum
1304 871 1394 909 erga
1420 871 1481 895 me
1507 858 1658 895 merito-

71 942 168 974 rum,
193 928 350 965 alterum
374 928 530 978 negotia
549 941 633 964 mea
658 940 734 963 non
754 926 895 962 sinunt.
950 924 1087 974 Scripsi
1117 923 1266 974 quidem
1297 936 1369 973 ego
1396 923 1443 959 ad
1472 929 1510 959 te
1534 928 1659 959 ternas

73 994 213 1038 literas,
239 1007 286 1030 ex
313 1006 388 1043 quo
418 992 514 1029 redii
547 992 585 1028 in
614 989 820 1040 Angliam3
852 1002 943 1040 quas
975 995 1103 1025 tamen
1132 987 1255 1031 video,
1284 1000 1370 1024 cum
1397 993 1438 1023 tu
1467 987 1547 1025 illas
1574 993 1659 1023 tuas

75 1058 266 1102 scriberes,
295 1057 462 1095 nondum
488 1056 536 1093 ad
561 1065 598 1093 te
623 1056 848 1106 pervenisse.
906 1054 956 1091 Et
985 1053 1063 1090 fieri
1091 1058 1228 1103 potest,
1258 1057 1299 1089 ut
1318 1065 1420 1102 sa‘pe
1448 1052 1503 1096 fit,
1529 1058 1569 1088 ut
1595 1058 1659 1089 aut

75 1121 244 1159 hzereant
272 1121 429 1172 uspiam,
456 1127 494 1158 et
520 1121 670 1171 ignavae¹
698 1126 811 1170 atque
839 1119 976 1156 otiosae
1005 1118 1201 1154 imitentur
1226 1117 1448 1166 religionem
1476 1122 1657 1161 nostram,

74 1194 140 1225 aut
167 1187 280 1224 etiam
306 1186 484 1237 perierint
508 1185 547 1222 in
579 1185 725 1222 itinere.
796 1183 869 1221 Sed
897 1182 1074 1234 quicquid
1102 1188 1170 1225 est,
1198 1181 1302 1218 nulla
1329 1187 1455 1231 potest
1482 1181 1519 1217 in
1547 1195 1590 1218 ea
1617 1194 1657 1218 re

74 1265 216 1301 magna
234 1252 381 1301 jactura
406 1250 496 1287 fieri.
553 1249 670 1286 Erant
697 1249 795 1286 enim
825 1261 920 1298 pene
949 1247 1092 1291 inanes,
1122 1245 1224 1296 quod
1250 1259 1329 1282 non
1350 1245 1509 1282 multum
1538 1245 1657 1283 adhuc

75 1322 186 1361 esset,
216 1316 316 1365 quod
344 1320 409 1351 aut
436 1319 478 1351 tu
503 1314 630 1351 audire
659 1313 817 1350 libenter
838 1312 964 1356 velles,
991 1318 1056 1347 aut
1081 1324 1154 1360 ego
1179 1310 1349 1347 scribere.
1404 1309 1516 1347 Nunc
1535 1310 1661 1359 agitur

75 1394 187 1418 causa
214 1379 414 1430 pontificis,
447 1384 485 1415 et
517 1379 641 1428 agitur
667 1377 840 1427 utrinque
867 1376 1023 1413 fortiter.
1090 1374 1271 1425 Episcopi
1299 1374 1399 1411 enim
1433 1374 1582 1419 sudant,
1611 1388 1659 1411 ne

75 1445 163 1494 quid
194 1457 332 1481 errasse
360 1442 576 1487 videantur3
613 1448 726 1492 atque
755 1454 800 1478 ea
832 1453 944 1477 causa
972 1444 1138 1476 moratur
1171 1445 1208 1476 et
1236 1439 1393 1489 impedit
1423 1438 1660 1488 religionem.

78 1508 239 1547 Difficile
281 1514 337 1545 est
377 1508 476 1544 enim
509 1520 656 1544 cursum
693 1506 864 1550 incitare,
902 1510 944 1541 ut
979 1504 1101 1554 inquit
1143 1503 1217 1548 ille,
1263 1501 1506 1554 βραδυπόόων
1541 1503 1662 1538 ἵππων

75 1572 241 1612 ἐνόντων.
302 1573 524 1618 Fecnamus,
553 1572 665 1609 abbas
692 1568 1126 1613 WVestmonasteriensis,
1157 1568 1303 1618 opinor,
1332 1573 1373 1604 ut
1401 1567 1660 1604 auctoritatem

76 1638 230 1676 adderet
256 1636 479 1688 professioni
507 1648 598 1680 suze,
628 1648 713 1673 cum
741 1640 933 1685 peroraret
964 1634 1003 1670 in
1030 1638 1174 1677 senatu,
1204 1631 1420 1676 Nazaraeos,
1448 1630 1662 1681 prophetas,

78 1703 270 1741 Christum
289 1702 424 1753 ipsum,
445 1707 483 1738 et
515 1701 708 1752 apostolos
733 1699 897 1750 conjecit
922 1699 961 1735 in
986 1710 1181 1735 numerum
1204 1695 1486 1734 monachorum.
1540 1696 1665 1734 Nemo

77 1780 228 1805 causam
253 1772 421 1804 nostram
454 1766 573 1803 aerius
604 1769 800 1815 oppugnat
829 1776 941 1814 quam
970 1762 1143 1800 Eliensis.
1200 1762 1238 1798 Is
1268 1767 1305 1797 et
1334 1761 1457 1798 locum
1490 1774 1597 1798 suum
1625 1761 1663 1797 in

78 1837 223 1876 senatu,
244 1837 282 1868 et
300 1831 493 1880 ingenium
513 1830 662 1867 retinet.
717 1828 990 1879 Episcoporum
1012 1826 1155 1877 praedia
1172 1826 1324 1863 redacta
1344 1832 1431 1862 sunt
1449 1825 1487 1862 in
1511 1826 1664 1863 fiscum:

78 1896 150 1932 illis
177 1909 222 1933 ex
246 1895 523 1945 permutatione
552 1895 736 1931 dabuntur
760 1893 980 1937 sacerdotia,
1010 1904 1095 1942 quae
1124 1896 1235 1928 antea
1259 1896 1363 1927 erant
1386 1891 1564 1928 attributa
1585 1904 1665 1928 mo-

79 1960 262 1997 nasteriis.
320 1959 478 1996 Interim
499 1958 544 1995 de
564 1958 717 2003 scholis,
736 1964 775 1995 et
795 1970 882 1994 cura
899 1957 1088 1993 literarum
1107 1969 1288 2005 magnum
1308 1955 1444 2005 ubique
1465 1955 1664 1992 silentium.

84 2025 170 2062 Hoc
195 2023 336 2061 Scilicet
360 2029 416 2060 est
441 2022 611 2068 δαίμονας
635 2022 852 2073 ἐξελαύνειν,
883 2019 1001 2057 ἄλλον
1029 2019 1145 2070 ἄλλῳ,
1177 2019 1221 2056 ὥς
1244 2025 1353 2068 φασι,
1382 2019 1533 2065 δαίμονι.

161 2088 310 2138 Regina
336 2088 381 2125 de
411 2094 447 2124 te
473 2087 679 2125 honorifice
705 2092 743 2123 et
773 2086 938 2136 loquitur
960 2091 998 2122 et
1024 2085 1149 2122 sentit.
1206 2084 1316 2121 Dixit
1348 2097 1466 2133 nuper
1495 2084 1544 2120 D.
1571 2084 1665 2121 Rus-

82 2153 187 2197 selio,
225 2166 264 2189 se
301 2152 397 2189 velle
432 2158 470 2188 te
504 2164 690 2188 accersere
729 2150 767 2187 in
798 2149 1002 2200 Angliam;
1043 2149 1080 2185 id
1113 2148 1215 2185 enim
1252 2149 1313 2185 ille
1347 2148 1481 2198 aliique
1516 2155 1665 2198 urgent,

81 2223 262 2268 quantum
292 2222 460 2266 possunt.
517 2216 590 2252 Sed
625 2214 697 2251 nisi
728 2220 766 2251 et
794 2214 904 2258 serio,
940 2220 978 2251 et
1017 2213 1164 2263 cupide,
1206 2219 1244 2250 et
1275 2212 1479 2250 honorifice
1514 2213 1666 2263 petaris,

82 2294 274 2331 nunquam
294 2294 356 2317 ero
379 2286 510 2317 auctor
534 2285 575 2316 ut
594 2278 734 2315 venias.
788 2278 895 2316 Nihil
920 2277 1093 2328 equidem
1119 2277 1239 2327 magis
1266 2283 1331 2314 aut
1349 2277 1517 2314 miserius
1541 2277 1666 2327 cupio,

82 2359 193 2397 quam
225 2351 262 2382 te
290 2345 429 2389 videre,
460 2350 498 2382 et
526 2343 747 2381 dulcissimis
782 2342 854 2378 illis
882 2341 1115 2379 sermonibus
1148 2341 1222 2378 tuis
1252 2341 1339 2387 frui,
1372 2341 1448 2378 sive
1481 2340 1597 2391 (quod
1631 2342 1665 2377 ()

82 2411 224 2448 utinam
264 2409 465 2459 aliquando
504 2407 742 2457 contingatl)
790 2406 829 2443 in
866 2406 1021 2455 Anglia,
1060 2406 1137 2443 sive
1177 2405 1290 2443 etiam
1326 2405 1468 2455 Tiguri.
1530 2406 1667 2443 Verum

83 2480 264 2526 quantum
303 2474 411 2511 video
450 2472 614 2510 obstabit
657 2471 843 2508 desiderio
885 2476 1014 2508 nostro
1051 2471 1282 2520 inauspicata
1316 2470 1379 2507 illa
1419 2475 1456 2507 et
1489 2470 1589 2507 saxis
1625 2484 1668 2507 ac

83 2539 292 2577 Saxonibus
330 2538 508 2575 damnata
543 2537 744 2588 παρουσία.
800 2535 939 2573 Nostra
973 2535 1070 2571 enim
1098 2548 1199 2572 nunc
1226 2535 1372 2585 cogitat
1399 2535 1521 2571 foedus
1551 2534 1670 2572 Sinal—

84 2603 279 2641 caldicum.
336 2602 473 2640 Scribit
499 2606 623 2638 autem
652 2601 698 2637 ad
726 2600 826 2637 illam
855 2600 1007 2650 quidam
1033 2613 1053 2636 e
1082 2599 1297 2643 Germania,
1323 2599 1413 2636 illud
1437 2599 1559 2637 foedus
1592 2612 1669 2636 non

83 2681 195 2718 posse
229 2668 305 2704 ullo
338 2672 449 2717 paeto
481 2665 595 2710 coire,
626 2665 656 2701 si
685 2671 727 2701 tu
754 2665 800 2701 ad
828 2678 898 2701 nos
925 2664 1063 2701 venias
1121 2664 1232 2701 Illum
1264 2670 1390 2701 autem
1419 2664 1606 2714 quendam
1639 2665 1670 2701 si

84 2732 180 2769 addo
218 2732 422 2782 aliquando
458 2730 572 2768 fuisse
607 2729 837 2780 episcopum,
875 2729 905 2766 si
941 2741 1042 2766 nunc
1082 2741 1165 2765 esse
1196 2728 1357 2773 exulem,
1402 2729 1434 2765 si
1477 2728 1669 2766 hominem

86 2796 238 2841 Italum,
273 2797 304 2833 si
337 2802 600 2839 veteratorem,
636 2794 666 2831 si
700 2793 874 2838 aulicum,
905 2793 937 2830 si
970 2793 1136 2837 Petrum,
1169 2792 1200 2829 si
1231 2793 1403 2838 Paulum,
1434 2793 1556 2843 magis
1586 2805 1672 2830 eum

83 2861 241 2898 sortasse
267 2861 381 2906 noris,
403 2874 513 2911 quam
538 2872 624 2909 ego.
680 2858 754 2895 Sed
781 2857 957 2908 quicquid
986 2863 1056 2902 est,
1083 2870 1154 2894 nos
1182 2857 1358 2894 articulos
1387 2870 1518 2895 omnes
1545 2856 1673 2906 religi-

85 2925 169 2963 onis
202 2931 240 2963 et
273 2926 456 2963 doctrinae
492 2930 632 2962 nostru:
671 2922 907 2960 exhibuimus
940 2921 1116 2972 Reginoe,
1159 2927 1197 2958 et
1237 2935 1286 2959 ne
1327 2922 1484 2959 minimo
1521 2922 1672 2973 quidem

84 2990 191 3041 apice
220 2989 460 3028 discessimus
489 3003 511 3027 a
532 2988 772 3027 confessione
796 2986 1000 3038 Tigurina:
1031 2999 1244 3037 quanquam
1267 2985 1557 3039 Ἀρχιμάγειρος
1583 2985 1675 3023 ami-
