1845 3233
177 175 260 214 148
764 185 962 212 nonanus
993 184 1150 212 nonnus
1593 164 1735 226 [mns'r.

172 301 398 340 custoditur:
435 313 507 351 quo
535 300 702 344 consilio,
741 298 849 350 pauci
885 304 1043 343 norunt;
1088 311 1162 349 quo
1193 303 1337 344 eventu,
1365 297 1531 336 nondum
1563 303 1732 341 constat;

173 379 246 415 qua
270 378 345 415 spe,
366 369 428 401 aut
444 364 568 414 potius
584 377 658 414 quo
681 370 793 408 metu,
822 362 925 400 dolet
943 363 1073 399 dicere.
1132 362 1207 406 Qui
1227 376 1307 400 eam
1326 361 1398 400 huc
1418 362 1555 413 coegit,
1576 367 1613 399 et
1630 361 1737 399 facile

172 429 280 474 valet,
308 428 394 479 quia
411 433 541 478 potens
560 434 629 473 est,
649 427 679 465 si
698 426 880 464 videbitur
896 439 904 471 ;
932 432 970 463 et
988 439 1064 463 non
1084 426 1279 464 difficulter
1296 427 1404 472 volet,
1425 427 1512 477 quia
1529 425 1737 463 misericors

170 498 239 536 est,
269 492 300 529 si
333 492 505 537 orabitur,
535 491 660 529 onmia
686 504 753 542 pro
779 491 970 528 voluntate
1002 503 1069 528 sua
1097 490 1209 528 etiam
1239 491 1287 528 ad
1311 491 1544 528 voluntatem
1571 495 1735 527 nostram

172 556 391 606 dispensare.
449 556 524 594 Hic
561 569 660 601 vero,
702 568 812 606 quam
849 555 939 592 mire
974 554 1058 592 haec
1095 555 1231 600 omnia,
1269 560 1403 606 praeter
1438 568 1542 606 spem
1573 566 1737 599 omnem,

171 620 347 658 bonitatis
381 620 442 658 ille
478 620 599 658 omnis
633 620 738 657 Deus
770 633 813 657 ac
847 619 979 669 gloriae
1012 618 1195 656 Dominus
1227 619 1374 670 integra
1408 619 1641 663 conservarit,
1667 617 1736 655 'ex-

169 684 347 734 perientia
364 690 506 722 certum
525 698 608 722 cum
628 684 688 729 sit,
709 683 848 721 dictum
869 696 958 721 sane
972 682 1080 720 fuerit
1093 697 1217 721 verum
1234 697 1241 721 :
1272 684 1340 721 etsi
1360 684 1445 734 quia
1463 689 1597 721 eventu
1614 695 1736 720 rarum

170 754 239 793 est,
259 749 385 786 auditu
403 762 518 800 prope
536 749 646 786 fuerit
663 748 886 785 incredibile.
934 747 1032 786 Nam
1049 754 1087 785 et
1105 747 1250 786 Gallico
1267 748 1427 785 tumultu
1444 747 1521 792 illo,
1540 753 1578 785 et
1591 746 1738 786 Scotica

170 813 241 849 ista
262 814 513 859 contentione,
534 809 718 864 etiamque
737 812 926 849 simultate
948 812 1165 863 Hispanica,
1194 824 1279 862 quae
1301 812 1426 849 omnia
1455 811 1543 849 exili
1562 815 1737 862 apparatu

169 882 233 913 aut
260 877 399 927 exiguo
431 878 554 915 labore
586 876 720 915 confici
748 889 937 928 nunquam
968 881 1178 927 potuerunt,
1210 875 1427 913 Elizabetha
1458 882 1595 921 nostra,
1629 874 1738 912 unica

170 941 273 991 quasi
308 941 546 991 negotiorum
576 942 720 979 illorum
759 941 897 987 nutrix,
937 941 1120 991 evangelii
1153 940 1265 978 solius
1294 953 1405 977 causa
1438 945 1561 990 partes
1591 939 1736 990 piorum

171 1004 305 1042 illaesas
334 1006 577 1052 conservavit,
606 1019 691 1056 quae
722 1005 858 1056 alioqui
890 1004 988 1042 haud
1012 1005 1120 1042 dubie
1146 1005 1224 1055 jam
1261 1005 1350 1042 olim
1378 1004 1608 1042 defecissent.
1665 1004 1738 1041 Sed

171 1068 252 1105 vide
277 1069 469 1121 antiquum
489 1083 577 1107 sane
595 1069 867 1120 pontificiorum
886 1074 924 1106 et
946 1069 1290 1106 commodissimum
1310 1068 1486 1119 quasique
1509 1069 1737 1119 praecipuum

170 1138 410 1183 stratagema,
439 1135 536 1186 quod
553 1135 629 1186 jam
649 1139 687 1171 et
705 1133 920 1184 quotidiana
939 1133 1205 1171 consuetudine
1223 1133 1404 1170 familiare
1422 1133 1559 1170 factum
1577 1139 1647 1178 est,
1666 1133 1738 1170 illis

171 1203 208 1233 et
226 1198 340 1248 longo
360 1212 427 1236 usu
452 1213 494 1237 ac
518 1199 751 1250 possessione
776 1198 885 1249 plane
908 1198 1108 1249 proprium.
1163 1197 1419 1236 Nobilissimac
1440 1197 1592 1247 virginis
1617 1197 1738 1236 Eliza-

170 1261 293 1298 bethae
306 1263 563 1313 corpusculum
577 1269 687 1301 tenue
703 1262 857 1300 infinitis
875 1276 988 1314 prope
1001 1262 1195 1300 conatibus
1215 1261 1396 1307 obsident,
1413 1267 1450 1298 et
1469 1275 1579 1312 quam
1598 1261 1738 1299 studio·

170 1325 314 1363 sissinie
335 1327 415 1377 jam
433 1327 478 1364 ad
494 1333 653 1365 mortem
671 1327 904 1378 conquirunt,
922 1333 960 1365 et
976 1340 1121 1365 veneno
1140 1333 1178 1364 et
1193 1326 1370 1365 violentia
1388 1332 1426 1363 et
1441 1325 1682 1364 fascinatione
1701 1332 1738 1363 et

171 1390 390 1440 proditione,
420 1392 626 1442 ceterisque
645 1392 724 1442 ejus
739 1391 898 1441 generis,
926 1405 1011 1442 quae
1029 1390 1186 1442 cogitari
1206 1403 1369 1442 unquam
1388 1395 1598 1440 potuerunt,
1619 1389 1737 1426 modis

171 1455 355 1499 omnibus,
384 1455 482 1506 quod
506 1456 672 1507 profecto
700 1455 874 1494 horribile
898 1463 955 1494 est
980 1457 1039 1494 vel
1073 1455 1269 1493 recordari.
1327 1455 1520 1492 Hactenus
1545 1460 1669 1492 tamen
1697 1460 1738 1491 ut

171 1532 252 1555 eain
286 1520 480 1570 evangelio
522 1533 588 1557 suo
626 1520 728 1557 Deus
762 1520 908 1557 fidelem
945 1527 982 1558 et
1015 1519 1230 1557 industriam
1267 1518 1394 1557 habuit
1430 1519 1642 1563 Deboram;
1685 1517 1738 1554 ita

171 1596 259 1619 sane
284 1583 475 1621 Judithain
499 1583 586 1621 fecit
611 1584 919 1634 triumphantem:
950 1597 1128 1623 annosam
1155 1597 1300 1634 quoque
1325 1583 1434 1621 faciat
1460 1582 1609 1620 Annam
1636 1594 1736 1619 coin·

171 1660 374 1696 precamur.

252 1712 382 1749 Habes
410 1711 559 1762 quidem
590 1711 754 1750 Scoticas
782 1726 936 1758 merces,
963 1726 1038 1750 non
1068 1712 1181 1750 modo
1211 1711 1375 1749 sordidas
1400 1717 1509 1762 atque
1534 1710 1735 1761 improbas,

172 1775 238 1814 sed
267 1788 351 1813 vere
383 1776 606 1813 tenebrosas.
675 1777 785 1815 Nunc
821 1790 910 1827 ergo
942 1777 1151 1814 Flandricas
1186 1777 1325 1827 accipe,
1358 1788 1558 1826 perpaucas
1591 1775 1735 1825 quidem

171 1840 263 1885 illas,
298 1853 387 1890 quas
420 1846 546 1877 tamen
578 1840 676 1878 haud
704 1841 812 1878 dubie
845 1841 978 1878 dixeris
1008 1841 1210 1890 elegantes.
1279 1840 1364 1877 Fuit
1392 1840 1489 1890 apud
1520 1852 1590 1876 nos
1621 1852 1739 1890 nuper

171 1904 284 1941 homo
320 1904 482 1954 quidam,
514 1918 589 1942 non
617 1905 820 1943 ineruditus
847 1906 978 1943 doctor
1012 1905 1121 1956 legis,
1158 1905 1374 1955 cujusmodi,
1413 1904 1555 1954 opinor,
1586 1903 1737 1942 Christo

170 1968 266 2005 inter
300 1968 454 2006 Judaeos
490 1969 577 2006 olim
619 1975 775 2006 mortem
814 1969 1053 2014 intentarunt,
1090 1975 1343 2019 cognomento
1382 1969 1503 2019 Story,
1539 1968 1594 2005 vir
1634 1969 1738 2019 quasi

171 2032 216 2068 ad
249 2032 501 2070 crudelitatem
539 2039 661 2077 natus,
691 2033 871 2070 Marianis
902 2033 1128 2084 temporibus
1163 2033 1391 2071 saevissimus
1422 2038 1647 2084 persecutor,
1679 2034 1737 2071 cui

170 2102 318 2133 sanctos
342 2097 508 2134 occidere
535 2110 603 2147 pro
630 2098 745 2143 lucro,
768 2098 987 2148 sanguinem
1012 2097 1197 2135 effundere
1222 2111 1288 2148 pro
1308 2098 1395 2135 ludo
1423 2103 1520 2135 erat:
1549 2097 1580 2134 is
1610 2097 1736 2147 igitur,

170 2165 367 2210 postquam
399 2161 485 2198 felix
521 2161 580 2199 ille
613 2161 692 2199 dies
726 2162 834 2199 nobis
869 2162 1002 2207 illuxit,
1038 2176 1112 2213 quo
1150 2163 1252 2199 Deus
1287 2161 1539 2199 Elizabetham
1574 2168 1734 2200 nostram

168 2224 215 2260 ad
236 2223 437 2274 Anglicani
467 2225 614 2263 culmen
639 2226 784 2276 imperii
813 2226 949 2273 evexit,
976 2240 1042 2277 pro
1073 2227 1176 2264 laesae
1206 2226 1411 2276 majestatis
1442 2233 1572 2276 aperto
1601 2227 1737 2264 scelere

168 2293 297 2338 captus
317 2290 494 2328 continuo
514 2296 552 2327 et
569 2290 818 2328 incarceratus
836 2296 904 2328 est.
960 2291 1091 2329 Paullo
1109 2297 1206 2341 post,
1232 2303 1346 2341 quum
1370 2298 1468 2327 esset
1486 2297 1612 2329 custos
1632 2292 1734 2341 justo

167 2352 433 2401 negligentior,
463 2367 645 2392 carcerem
670 2354 859 2405 perfregit,
886 2369 930 2392 ac
961 2355 1127 2406 profugit
1158 2355 1195 2392 in
1230 2354 1453 2400 Flandriam,
1488 2361 1599 2406 atque
1625 2355 1734 2393 Albae

168 2415 264 2461 duci,
285 2416 433 2467 capitali
452 2419 557 2469 regni
576 2418 691 2456 nostri
711 2418 933 2465 adversario,
955 2420 993 2456 in
1017 2420 1090 2457 illis
1112 2420 1203 2457 locis
1219 2419 1383 2469 degenti,
1404 2419 1446 2455 fit
1466 2433 1603 2457 servus.
1660 2419 1735 2457 Hie

166 2479 238 2523 ille,
262 2481 365 2530 quasi
388 2494 435 2518 ex
460 2482 585 2519 inferis
614 2482 708 2520 furia
737 2484 910 2534 quaedam
935 2483 1118 2535 prolapsa,
1141 2493 1205 2521 seu
1231 2489 1273 2520 ut
1298 2483 1430 2528 verius,
1457 2489 1631 2534 tanquam
1659 2497 1736 2522 scc-

165 2542 300 2579 leratus
335 2545 484 2594 quidam
520 2546 659 2592 Davus,
697 2547 829 2584 mirum
876 2553 931 2584 cst
968 2548 1147 2585 continuo
1183 2560 1293 2598 quam
1327 2548 1549 2585 interturbat
1584 2548 1734 2585 omnia:

167 2615 386 2645 mercatores
415 2610 451 2646 in
478 2610 522 2647 iis
550 2610 640 2647 locis
669 2611 854 2661 appulsos,
882 2611 1079 2662 impetrata
1104 2612 1208 2649 ducis
1233 2612 1397 2657 licentia,
1423 2612 1571 2663 spoliat,
1592 2612 1735 2662 affligit,

168 2669 392 2708 incarcerat:
431 2674 608 2723 populum
646 2674 898 2724 Anglicanum
934 2676 980 2712 ad
1021 2676 1221 2713 seditiones
1256 2676 1457 2714 sollicitat:
1504 2682 1652 2714 strenue
1692 2689 1735 2713 ac

166 2732 401 2772 veliementer
418 2737 497 2786 agit
517 2750 602 2774 cum
621 2737 778 2783 Albano,
800 2744 840 2775 ut
865 2739 1000 2777 milites
1024 2753 1066 2777 ac
1091 2746 1307 2790 apparatum
1331 2746 1409 2777 tam
1432 2747 1560 2778 sancto
1579 2739 1734 2789 negotio

166 2797 340 2834 munifice
372 2799 568 2848 largiatur:
607 2801 764 2852 denique
793 2803 964 2841 manibus
990 2804 1217 2855 pedibusque
1250 2805 1385 2842 obnixe
1418 2805 1497 2854 agit
1528 2804 1664 2848 omnia,
1695 2808 1735 2839 ut

167 2861 406 2900 nobilissimae
440 2863 612 2913 Reginae,
640 2865 798 2915 principi
823 2879 913 2916 suae⁷
945 2872 982 2903 et
1008 2881 1128 2917 regno
1153 2868 1454 2918 praeclarissimo,
1480 2868 1612 2918 patriae
1642 2880 1734 2911 suae,

167 2924 398 2962 immaturam
428 2932 465 2963 ct
490 2927 695 2965 luctuosam
727 2929 872 2967 caedem
899 2931 1066 2968 inaudita
1091 2932 1248 2982 quadam
1280 2932 1494 2969 crudelitate
1523 2936 1733 2968 arcesseret.

170 2987 244 3026 Hic
279 3001 365 3026 vero
402 2996 633 3036 mercatores,
668 2993 729 3042 qui
765 2993 861 3032 Davi
895 2994 1001 3033 istius
1033 2995 1297 3035 crudelissimis
1329 2996 1536 3034 verberibus
1568 2994 1734 3046 quotidie
