1845 3233
178 133 260 175 ‘196
432 145 617 172 nnwmus
649 144 799 170 smmis
832 143 884 169 AD
915 141 1154 169 RODOLPHUM
1185 141 1441 168 GUALTERUM.
1585 125 1731 182 [EPIST.

271 260 315 298 In
349 259 601 296 testimonium
637 264 674 295 et
718 257 865 308 signum
909 256 1042 293 mentis
1078 268 1174 293 meae
1210 255 1291 301 tibi,
1329 255 1529 301 carissime,
1564 255 1733 293 nonnihil

177 323 410 362 vehementer
434 322 553 372 cupivi
581 320 755 358 mercium
777 325 980 357 nostrarum
1009 318 1169 364 mittere,
1196 331 1257 356 eas
1279 319 1390 356 modo
1412 319 1522 356 vellet
1550 324 1733 356 mercator

180 394 370 438 exportare
399 385 592 436 quispiam.
660 383 757 421 Cum
784 396 870 420 vero
899 382 1084 419 neminem
1116 382 1322 432 repererim,
1355 383 1419 433 qui
1447 383 1511 420 illo
1545 383 1593 420 sit
1620 395 1733 420 ausus

179 451 281 501 fungi
306 463 457 487 munere
482 448 554 501 (sic
574 448 735 498 undique
753 446 836 484 haec
859 453 1026 496 tempora
1054 446 1175 483 cincta
1199 452 1285 484 sunt
1310 445 1512 498 periculis),
1538 445 1604 484 has
1630 458 1732 483 meas

179 515 294 552 nudas
314 513 437 550 literas
463 512 560 564 aequi
589 511 748 561 bonique
772 516 809 547 te
834 509 1084 547 consulturum
1112 522 1229 560 spero.
1284 509 1407 560 Atque
1433 510 1485 546 ita
1509 523 1584 547 non
1612 509 1733 546 mino-

179 590 255 615 rem
287 577 366 622 tibi,
398 590 507 627 quam
538 575 628 612 mihi
656 575 739 625 ipsi,
772 580 938 624 precatus
969 573 1196 619 felicitatem,
1225 574 1305 624 jam
1337 586 1454 624 agens
1486 573 1664 619 Londini,
1694 579 1733 609 et

181 641 463 692 parliamentum
491 639 657 677 Januarii
685 641 734 675 20
758 637 1004 688 incipiendum
1033 643 1266 687 exspectans,
1290 643 1328 674 te
1353 644 1511 688 tuosque
1543 650 1671 675 omnes
1698 638 1736 674 in

188 704 337 742 Christo
364 705 481 741 valere
504 704 630 754 jubeo.

264 769 421 807 Londini
447 769 484 806 in
512 767 663 817 Anglia,
691 769 713 803 9
742 766 800 803 die
827 764 963 802 mensis
992 765 1186 803 Decembr.
1220 767 1332 803 1579.

701 848 801 885 Tuus
827 847 864 884 in
894 846 1043 884 Christo
1068 847 1180 884 frater
1205 853 1243 884 et
1268 847 1323 885 tui
1349 847 1636 893 amantissimus,

486 967 503 979 „
1076 934 1328 973 EDWINUS
1365 934 1586 981 SANDUS,

1426 1035 1435 1050 ο
1489 1016 1742 1055 Eboraeensis.

594 1081 845 1106 INSCRIPTIO.

270 1133 497 1171 Doctissimo
515 1136 609 1179 viro,
641 1138 674 1170 et
691 1134 818 1183 fram
835 1135 876 1170 in
898 1131 1049 1170 Christo

320 1200 527 1243 carissimo,
554 1197 754 1247 Rodolplto
775 1198 967 1242 Gualtero,
996 1212 1047 1233 er-

323 1263 440 1300 clesz'ce
463 1264 654 1310 Tigurince
675 1265 826 1311 pastori
845 1263 1062 1310 vigilantis-

322 1329 426 1366 simo.
485 1327 626 1375 Tiguri.

682 1653 976 1696 EPISTOLA
1010 1652 1252 1697 CXXXV.

222 1875 528 1906 ELIZABETHA
559 1875 741 1908 REGINA
770 1878 837 1909 AD
867 1879 1141 1912 TRESDECIM
1168 1878 1421 1911 CANTONES
1449 1876 1717 1909 HELVETIAE.

272 1985 549 2022 EmzABETHA
576 1985 645 2023 Dei
676 1987 794 2037 gratia
811 1987 975 2038 Angliae,
998 1988 1164 2026 Franciae
1194 1994 1230 2025 et
1259 1987 1454 2025 Hiberniae
1484 1986 1640 2037 Regina,
1662 1986 1747 2024 fidei

196 2049 375 2093 defensor,
407 2055 477 2087 etc.
544 2050 756 2101 Magnificis
789 2052 873 2089 viris
904 2059 939 2090 et
976 2053 1232 2103 spectabilibus
1268 2051 1438 2096 dominis,
1469 2051 1677 2088 consulibus
1706 2064 1748 2088 ac

196 2113 482 2163 proconsulibus,
519 2114 694 2165 dynastis,
731 2116 905 2166 syndicis,
940 2118 1078 2168 regulis
1111 2131 1153 2155 ac
1192 2116 1518 2167 gubernationibus
1554 2115 1747 2152 tresdecim

195 2183 392 2214 cantorium
411 2178 598 2227 praeclarae
618 2180 741 2229 gentis
762 2180 981 2227 Helveticae,
1001 2181 1128 2218 amicis
1146 2180 1279 2218 nostris
1299 2179 1508 2225 carissimis,
1527 2180 1694 2217 salutem.

275 2241 471 2291 Magnifici
507 2242 645 2280 domini
687 2250 725 2281 et
759 2245 975 2296 spectabiles
1016 2245 1093 2290 viri,
1135 2245 1247 2282 sociae
1283 2251 1415 2282 vestrae
1452 2243 1550 2281 urbis
1586 2243 1749 2281 Genevae

198 2306 344 2343 affiictae
377 2319 447 2352 res,
483 2306 680 2356 permultos
711 2308 789 2358 jam
826 2323 943 2347 annos
980 2310 1150 2347 diuturna
1185 2322 1298 2359 prope
1327 2307 1518 2346 obsidione
1554 2320 1691 2357 pressae
1725 2321 1750 2345 a

197 2370 462 2420 potentissimis
495 2370 634 2408 duobus
662 2370 839 2417 hostibus,
874 2373 1138 2424 Hispaniarum
1171 2386 1261 2423 rege
1294 2378 1331 2409 et
1363 2373 1442 2422 ejus
1474 2384 1623 2422 genero,
1656 2372 1748 2409 duce

198 2433 402 2479 Sabaudiae,
435 2446 543 2484 quam
577 2447 685 2485 opem
717 2436 887 2487 quodque
919 2437 1095 2475 auxilium
1126 2437 1344 2481 desiderant,
1372 2449 1449 2479 vos,
1479 2436 1565 2486 quia
1596 2435 1686 2473 socii
1712 2441 1750 2472 et

197 2497 306 2535 vicini
334 2497 436 2543 estis,
461 2511 536 2535 non
567 2500 722 2549 potestis
748 2500 941 2551 ignorare:
981 2508 1154 2553 extraque
1185 2500 1334 2538 dubium
1364 2513 1501 2544 sumus,
1534 2499 1579 2538 V.
1612 2499 1654 2537 P.
1686 2512 1750 2549 pro

198 2560 269 2597 fide
296 2561 472 2599 foederum
496 2563 590 2600 inter
616 2577 680 2601 vos
700 2565 926 2615 junctorum,
945 2578 1082 2616 proque
1107 2565 1288 2615 dignitate
1307 2564 1442 2614 gentis,
1467 2576 1548 2601 eam
1567 2564 1748 2601 rationem

197 2624 380 2662 habituras
418 2639 496 2663 esse
531 2629 735 2666 communis
771 2634 906 2667 vestroe
947 2630 985 2666 in
1021 2629 1089 2667 hac
1125 2642 1234 2666 causa
1271 2627 1509 2673 defensionis,
1555 2634 1595 2664 ut
1632 2628 1748 2664 deseri

197 2701 277 2726 eam
307 2689 514 2740 exponique
544 2704 724 2729 novorum
751 2692 941 2730 hominum
975 2693 1129 2738 libidini,
1158 2698 1335 2744 quantum
1369 2692 1407 2728 in
1431 2691 1534 2728 vobis
1564 2691 1644 2736 erit,
1673 2704 1749 2727 non

199 2752 277 2789 sitis
296 2753 434 2802 passuri
451 2767 458 2791 :
487 2753 533 2790 ad
551 2767 660 2804 quam
679 2761 776 2793 certe
795 2769 885 2800 rem,
906 2756 936 2794 si
954 2770 1104 2794 necesse
1123 2763 1234 2800 esset,
1255 2769 1322 2793 vos
1340 2755 1569 2793 hortaremur
1585 2769 1593 2799 ;
1613 2755 1749 2792 intenti

197 2824 319 2853 autem
343 2817 404 2866 qui
430 2830 495 2854 sua
521 2824 651 2868 sponte
673 2820 760 2857 satis
784 2827 869 2857 sunt
895 2821 934 2857 in
963 2822 1115 2858 salutem
1144 2820 1338 2871 publicam,
1364 2819 1537 2870 quoniam
1565 2819 1751 2856 monitore

197 2892 273 2917 non
301 2879 436 2917 habent
466 2893 569 2929 opus,
599 2882 644 2919 ab
676 2882 745 2920 hoc
782 2897 917 2933 genere
949 2885 1126 2921 orationis
1160 2884 1316 2921 libenter
1350 2883 1596 2920 abstinemus:
1638 2895 1750 2919 unum

196 2942 264 2980 hoc
295 2945 337 2980 V.
372 2943 412 2980 P.
439 2951 625 2993 roganteS,
657 2958 722 2995 pro
752 2948 902 2997 antiqua
936 2948 1187 2986 benevolentia
1220 2955 1256 2984 et
1286 2947 1458 2991 amicitia,
1491 2960 1576 2997 quae
1603 2946 1751 2996 regibus
