1845 3233
92 146 175 203 ιιι]
630 158 684 183 An
716 156 875 183 PETRUM
910 155 1152 182 MARTYREM.
1647 139 1670 177 5

175 273 222 311 D.
257 273 446 318 Het0nus‚
484 272 531 310 D.
557 271 714 315 Abelus,
753 271 800 308 D.
835 268 1118 320 Springhmnus,
1152 267 1199 305 D.
1232 265 1494 309 Parlzliurstus,
1525 271 1562 301 te
1593 263 1673 313 plu-

89 338 225 376 rimum
256 337 430 381 salutant,
461 342 499 373 et
527 349 611 373 cum
646 335 715 372 tibi
745 334 897 385 cupiant
922 333 1064 377 omnia,
1090 331 1183 369 nihil
1211 337 1337 368 tamen
1367 330 1487 379 inagis
1521 328 1675 378 cupiunt

92 402 166 440 hoe
185 409 352 452 tempore
372 414 483 451 quain
503 400 694 450 Angliam.
753 399 882 436 Saluta
908 398 955 435 D.
978 397 1198 440 Mumltmn,
1225 395 1497 438 Hermannum,
1517 393 1539 429 J
1544 392 1673 434 ulium,

92 467 245 512 ¹Iuliam,
267 472 305 503 et
323 479 453 503 onmes
473 471 557 502 tuos
576 477 766 514 meosque,
786 476 870 500 ineo
890 462 1055 499 nomine.
1105 461 1153 498 D.
1176 460 1234 497 Fr.
1257 459 1344 497 Beti
1364 465 1402 495 et
1423 458 1470 495 D.
1490 455 1675 494 Acontius

93 538 184 568 sunt
201 544 300 568 nune
312 530 536 579 Argentinu»
552 543 559 566 z
589 535 743 579 uterque
759 534 796 564 te
815 527 1011 578 plurinum]
1035 525 1208 562 salutant.
1258 524 1343 573 Ego
1358 523 1404 560 D.
1425 521 1512 560 Beti
1531 519 1676 558 reddidi

94 595 221 633 literas
243 595 290 632 D.
316 594 509 631 isabellae:
541 594 578 631 id
598 594 752 631 obsecro
772 599 812 630 ut
833 592 883 628 illi
905 590 1106 641 significes,

177 681 413 732 Argentinoe,
443 684 504 719 526.

246 747 396 784 januar.
845 740 1134 780 JOHANNES
1161 738 1413 781 JL‘ELLUS‚

1044 819 1089 843 cx
1123 804 1263 849 animo,
1297 809 1335 840 et
1367 814 1523 851 semper,
1554 807 1650 837 tuus.

498 892 761 918 ixscmr'rlo.

184 950 436 986 Ornatissimo
471 950 566 992 viro,
604 948 653 984 D.
688 948 803 983 Petro
835 946 1024 994 Martyri,
1067 945 1108 980 ἰη

254 1015 406 1050 ecelesia
438 1014 629 1060 Tigurincz
666 1010 876 1060 professori
912 1010 951 1046 S.
984 1009 1101 1046 Theo-

259 1081 383 1127 logioe,
414 1078 569 1114 domino
597 1089 665 1113 suo
694 1075 967 1112 colendissimo.

681 1293 979 1336 EPISTOLA
1022 1293 1104 1335 IV.

315 1470 572 1501 JOHANNES
601 1469 814 1500 JUELLUS
841 1468 910 1500 AD
940 1465 1143 1498 PETRUM
1176 1460 1472 1495 MARTYREM.

181 1546 361 1585 TANDEM
402 1555 529 1584 tamen
565 1546 779 1597 aliquando,
825 1543 1138 1596 quinquagesimo
1180 1540 1357 1579 videlicet
1399 1535 1559 1587 septimo
1602 1536 1690 1583 post.

105 1612 163 1650 ‹lie
208 1625 318 1662 quam
359 1612 596 1649 solvissemus
636 1610 790 1661 Tiguro‚
836 1608 1070 1660 pervenimus
1107 1607 1146 1644 in
1183 1604 1375 1655 Anglialn.
1452 1598 1553 1645 Quid
1589 1597 1687 1634 enim

107 1689 260 1713 necesse
283 1682 340 1714 est
363 1677 481 1714 multa
509 1674 774 1727 προοιμιάζειν,
800 1673 898 1723 apud
921 1679 958 1710 te
983 1670 1203 1723 praesertim,
1234 1668 1297 1719 qui
1320 1680 1398 1704 reni
1420 1664 1546 1716 potius
1571 1662 1689 1713 ipsam

107 1754 265 1792 ‹pueraS‚
297 1747 334 1778 et
366 1741 504 1790 longos
534 1740 627 1777 istos
654 1740 765 1789 logos
792 1751 870 1775 non
898 1737 1027 1787 magni
1056 1735 1200 1773 facias?
1258 1733 1408 1771 Interea
1434 1742 1535 1773 vero,
1566 1727 1689 1764 Deum

106 1806 368 1850 immortalem,
401 1818 486 1855 quie
514 1804 578 1841 illa
601 1804 678 1841 vita
698 1804 783 1849 fuit,
811 1816 896 1840 cuin
925 1808 963 1839 et
990 1814 1097 1851 aqua,
1128 1805 1166 1836 et
1190 1805 1301 1843 terra,
1332 1802 1370 1834 et
1401 1794 1538 1832 coeluni
1566 1791 1689 1841 ipsum

109 1871 216 1908 nobis
262 1869 532 1919 indignaretur,
579 1875 617 1906 et
662 1868 835 1906 omnibus
878 1866 997 1904 modis
1043 1864 1204 1902 reditum
1246 1867 1416 1899 nostruin
1464 1854 1692 1907 impediret!

111 1934 214 1979 Quid
242 1934 408 1984 quoeris?
475 1933 615 1971 Omnia
645 1932 754 1970 nobis
790 1937 873 1969 toto
911 1931 975 1968 illo
1009 1936 1179 1979 tempore
1215 1923 1453 1964 odiosissiina
1491 1927 1528 1958 et
1565 1919 1691 1956 adver-

110 1997 256 2035 sissima
292 1997 517 2035 ceciderunt.
583 1997 724 2035 Verum
761 1995 844 2033 haec
880 2000 992 2032 antea
1027 1993 1074 2030 ad
1107 1998 1144 2029 te
1183 1997 1221 2028 et
1256 1990 1302 2027 ad
1343 1989 1392 2028 D.
1434 1985 1691 2034 Bullingeruln

111 2062 240 2106 fusim,
270 2075 353 2099 cuin
386 2061 506 2099 adhue
543 2061 725 2099 haererem
758 2059 1001 2109 Antwerpiae.
1057 2057 1169 2095 Nunc
1201 2054 1327 2104 accipe
1354 2058 1502 2091 cwtera.
1562 2049 1692 2093 Quan-

112 2139 223 2176 quam
252 2125 324 2169 hic,
354 2131 395 2162 ut
417 2138 501 2163 vero
527 2124 664 2169 dicam,
693 2130 773 2161 arte
795 2136 889 2175 opus
908 2128 965 2160 est
991 2128 1030 2159 et
1054 2118 1306 2171 myrothecio:
1336 2122 1509 2154 nontam
1529 2113 1692 2164 quidem,

112 2190 212 2241 quod
237 2189 330 2227 mihi
355 2202 455 2227 nunc
484 2189 651 2226 ornanda
675 2194 712 2226 et
741 2188 916 2239 polienda
943 2186 1018 2223 sint
1037 2198 1147 2229 nova,
1177 2197 1262 2234 quw.
1288 2181 1415 2219 neseio
1441 2193 1488 2217 an
1514 2178 1588 2215 ulla
1618 2175 1695 2213 sint

114 2255 185 2292 lioe
221 2261 401 2304 tempore,
435 2252 530 2303 (scio
559 2259 686 2290 tamen
720 2266 742 2290 a
769 2258 807 2289 te
837 2252 994 2302 plurima
1022 2246 1262 2300 exspectari‚)
1293 2259 1403 2298 quain
1438 2242 1539 2294 quod
1566 2252 1693 2277 recan-

113 2319 227 2357 tando
254 2319 330 2356 sint
357 2324 495 2355 vetera.
565 2317 636 2355 llla
667 2317 769 2354 enini
806 2316 882 2354 scre
916 2314 1055 2359 onmia,
1090 2326 1175 2363 quae
1211 2325 1283 2363 ego
1317 2311 1362 2348 ad
1400 2316 1436 2345 tc
1469 2309 1547 2357 jam
1584 2310 1693 2342 antea

114 2383 242 2434 scripsi
276 2396 323 2419 ex
360 2382 505 2425 itinere,
546 2381 664 2418 multo
700 2387 779 2417 tuni
817 2387 922 2417 erant
959 2379 1043 2423 alia,
1080 2383 1117 2414 et
1148 2377 1264 2426 longe
1302 2374 1432 2412 auditu
1460 2369 1694 2422 jucundiora,

114 2461 225 2499 quam
254 2459 339 2498 quae
366 2452 499 2497 postea
522 2459 561 2483 re
588 2446 669 2496 ipsa
695 2444 820 2482 inveni
843 2443 956 2482 domi.
1012 2441 1193 2480 Nondum
1222 2439 1322 2477 enim
1351 2439 1490 2488 ejectus
1518 2440 1596 2472 erat
1618 2433 1695 2470 Ro-

116 2525 247 2549 manus
266 2510 434 2562 pontifex
451 2523 458 2547 :
488 2509 653 2547 nondum
677 2495 855 2560 pars'ulla
873 2507 1068 2558 religionis
1087 2505 1284 2543 restituta:
1311 2503 1438 2540 cadem
1462 2506 1540 2538 erat
1559 2497 1696 2547 ubique

116 2576 311 2613 missarum
341 2574 547 2625 proluvies:
587 2572 717 2610 eadem
750 2585 888 2623 pompa
915 2577 1026 2622 atque
1055 2568 1258 2607 insolentia
1290 2567 1560 2618 episcoporum.
1619 2561 1694 2598 Ista

116 2647 243 2678 tamen
279 2640 406 2677 omnia
442 2651 541 2675 nunc
577 2637 727 2674 tandem
764 2642 894 2674 nutare
930 2635 1125 2685 incipiunt,
1163 2639 1201 2670 et
1236 2645 1333 2684 pene
1368 2644 1485 2669 ruere.

196 2705 343 2754 Magno
371 2703 477 2741 nobis
507 2701 775 2752 impedimento
804 2706 891 2738 sunt
919 2699 1105 2750 episcopi:
1145 2697 1210 2748 qui
1237 2709 1321 2734 cum
1354 2695 1440 2739 sint,
1474 2700 1516 2731 ut
1546 2694 1630 2738 scis,
1658 2693 1697 2730 in

118 2769 295 2820 superiori
315 2767 481 2806 conclavi
513 2766 609 2804 inter
635 2765 814 2816 primores
844 2770 882 2802 et
913 2776 1096 2815 proceres,
1129 2769 1167 2799 ct
1196 2774 1307 2799 nemo
1334 2760 1386 2798 ibi
1413 2759 1463 2796 sit
1487 2764 1696 2796 nostrorum

119 2833 323 2878 hominum,
350 2832 412 2883 qui
437 2832 584 2869 illorum
611 2830 716 2868 fucos
745 2836 782 2867 ct
810 2829 1006 2867 mendacia
1033 2826 1152 2879 possit
1183 2838 1309 2864 eoram
1339 2824 1498 2861 dicendo
1525 2823 1698 2866 refutare,

118 2897 214 2935 inter
240 2896 413 2934 homines
446 2896 634 2933 literarum
668 2901 706 2932 et
736 2907 859 2932 rerum
893 2893 1087 2944 imperitos
1117 2891 1185 2928 soli
1217 2895 1390 2940 regnant,
1425 2894 1463 2925 ct
1492 2885 1699 2938 patere-ulos

119 2967 268 2999 nostros
287 2961 394 2999 facile
413 2961 470 2998 vel
495 2973 649 2998 numero
674 2960 731 2997 vel
758 2959 938 3011 opinione
968 2956 1151 2996 doctrinae
1177 2953 1495 2993 circumscribunt.
1554 2949 1699 3000 Regina
