1845 3233
79 146 235 203 xxvu.]
610 159 665 185 AD
693 157 855 184 PETRUM
885 155 1128 182 MARTYREM.
1596 137 1655 179 37

79 287 115 317 te
144 292 250 329 rogo,
273 278 324 315 mi
346 284 463 329 pater,
490 283 571 315 tuas
601 276 661 314 hic
690 282 813 327 partes
842 274 911 312 hac
935 273 1046 311 unica
1064 273 1143 310 vice
1170 285 1255 323 age,
1285 270 1356 308 hoc
1383 273 1452 313 est,
1476 271 1518 304 ut
1541 278 1653 317 quam

77 343 365 393 diligentissime
402 349 440 380 et
469 342 649 380 citissime
678 354 738 378 me
775 339 970 378 certiorem
1006 338 1133 383 facias,
1168 337 1257 388 quid
1288 340 1410 373 vestra
1445 331 1566 383 pietas
1591 329 1654 367 hic

78 413 219 453 censet,
245 420 403 458 quaeque
433 407 482 444 sit
507 407 674 444 onmium
702 410 864 442 vestrum
892 402 1099 447 sententia;
1134 402 1202 447 tui,
1228 401 1394 452 inquam,
1426 397 1474 435 D.
1511 394 1655 433 Bullin—

78 471 159 521 gcri
194 479 230 509 et
262 472 309 509 D.
342 471 576 509 Bernardini.
634 471 758 520 Hujus
788 468 1003 512 auctoritas,
1033 473 1076 504 ut
1108 466 1230 511 audio,
1264 463 1430 502 maxima
1460 466 1518 498 est
1556 457 1655 510 apud

79 536 275 586 Reginam.
333 536 447 581 Quod
477 536 507 574 si
536 536 647 574 vellet
671 533 869 584 aliquando
897 532 1056 570 scribere
1084 531 1274 569 hortatum
1305 529 1406 566 illam
1435 531 1476 563 ut
1507 530 1654 562 strenue

77 607 167 651 agat
202 601 241 638 in
271 599 413 638 Christi
447 601 624 651 negoti0;
662 605 782 636 testor
816 611 861 635 ex
897 597 1024 634 animo
1061 595 1161 646 quod
1196 600 1299 633 certo
1331 592 1459 636 sciam,
1496 589 1656 627 fidenter

77 664 174 710 dico,
212 666 310 715 quod
346 679 430 703 vere
467 665 543 702 filia
581 664 653 702 Dei
689 663 762 702 sit:
809 674 901 712 opus
935 667 1062 698 tamen
1096 659 1209 697 habet
1244 655 1456 709 hujusmodi
1503 651 1653 691 consili-

75 729 174 774 ariis,
203 730 323 780 qualis
351 730 413 767 ille
445 736 513 768 est.
570 729 670 767 Nam
698 727 795 778 quod
825 726 1062 777 Augustinus
1089 723 1288 763 Bonifacio
1316 721 1424 766 dixit,
1450 719 1488 756 id
1512 717 1586 756 fere
1614 716 1655 753 in

77 794 250 831 omnibus
276 794 504 845 principibus
530 807 655 831 verum
686 798 755 837 cst,
787 804 922 841 nempe
949 790 1045 840 quod
1070 790 1192 840 plures
1217 787 1380 825 habeant
1405 784 1469 836 qui
1492 779 1653 832 corpori,

77 871 215 908 paucos
244 859 307 910 qui
335 859 472 896 animae
501 858 708 896 consulant.
768 856 881 901 Quod
908 861 1033 892 autem
1062 854 1108 892 ab
1139 853 1202 890 illo
1227 850 1427 895 contendo,
1455 848 1587 886 vellem
1616 851 1656 882 et

75 937 97 959 a
127 923 232 960 vobis
260 929 399 973 petere,
429 923 461 960 si
489 923 674 960 auderem.
730 921 816 970 Ego
843 925 970 956 tamen
998 918 1068 956 hac
1097 918 1135 955 in
1164 931 1203 955 re
1232 921 1366 953 vestrae
1402 926 1463 951 me
1496 908 1656 961 subjicio

76 987 299 1037 prudentiae.
347 986 480 1032 Callet,
504 995 544 1024 ut
572 986 685 1030 nosti,
710 985 877 1035 linguam
909 983 1104 1028 Italicam;
1145 981 1279 1019 Latine
1312 986 1350 1018 et
1379 979 1512 1017 Graece
1541 974 1652 1012 etiam

79 1053 170 1089 bene
196 1052 307 1089 docta
332 1057 401 1090 est.
458 1051 502 1088 In
528 1051 584 1088 his
610 1049 748 1100 linguis
771 1049 802 1086 si
825 1048 915 1100 quid
938 1048 1118 1085 scribatur
1136 1061 1158 1084 a
1176 1045 1281 1084 vobis
1301 1044 1358 1081 vel
1382 1056 1405 1080 a
1425 1042 1473 1080 D.
1496 1041 1654 1078 Bernar-

77 1115 179 1161 «lino,
211 1116 365 1153 omnino
400 1122 492 1166 puto
528 1128 607 1153 rem
644 1113 895 1165 gratissimam
931 1125 998 1150 vos
1032 1111 1194 1149 facturos
1228 1109 1345 1160 regiae
1381 1104 1583 1157 majestati,
1618 1108 1658 1141 et

78 1193 230 1231 operam
260 1187 461 1218 navaturos
498 1180 667 1218 ccclesiae
700 1178 928 1228 Anglicanae
966 1176 1216 1214 utilissimam.
1272 1174 1376 1212 Deus
1412 1184 1478 1209 vos
1514 1169 1655 1221 Spiritu

78 1257 146 1283 suo
175 1251 307 1282 sancto
337 1246 447 1283 ducat
476 1245 514 1281 in
547 1244 789 1294 perpetuum!

157 1309 263 1347 Bene
278 1309 371 1354 vale,
391 1315 428 1346 et
447 1308 606 1346 rescribe
625 1308 736 1345 unica
763 1307 834 1345 hac
852 1308 932 1345 vice
952 1318 1063 1357 quam
1083 1304 1222 1355 poteris
1241 1302 1472 1340 festinanter.
1529 1297 1659 1336 Saluta

78 1386 162 1410 meo
197 1373 350 1411 nomine
387 1373 661 1411 officiosissime
700 1373 748 1410 D.
788 1372 1062 1422 Bullingerum,
1098 1375 1273 1418 tuamque
1311 1377 1488 1404 uxorem:
1536 1362 1658 1400 saluta

75 1437 95 1473 ,J
103 1437 228 1475 ulium.
287 1437 384 1483 Quae
410 1438 488 1488 jam
514 1437 659 1488 scripsi,
682 1442 826 1474 tantum
851 1436 951 1486 apud
970 1435 1018 1472 D.
1043 1433 1299 1483 Bullingerum
1324 1436 1362 1467 et
1387 1430 1436 1467 D.
1458 1426 1657 1466 Bernardi-

78 1514 167 1539 num
194 1514 365 1552 promas:
404 1502 544 1539 nollem
570 1502 670 1539 enim
695 1514 769 1551 ego
796 1513 962 1538 rumores
990 1498 1116 1550 spargi
1144 1509 1230 1534 meo
1255 1494 1419 1532 nomine.
1476 1492 1560 1530 Imo
1587 1503 1662 1529 nec

77 1566 148 1603 hoc
172 1566 277 1603 vobis
300 1566 510 1612 scriberem,
531 1566 605 1603 nisi
625 1578 812 1617 sperarem
831 1565 970 1615 aliquid
994 1563 1083 1601 inde
1099 1561 1201 1599 'boni
1229 1565 1459 1597 eventurum.
1516 1556 1659 1594 Forsan

77 1631 135 1668 x‘cl
172 1630 339 1668 scribetis
384 1630 444 1682 (ut
479 1629 590 1682 dixi),
627 1630 686 1668 vel
722 1630 852 1667 saltem
895 1630 1036 1666 bonum
1081 1626 1217 1664 dabitis
1253 1623 1346 1661 mihi
1383 1621 1578 1661 consilium
1620 1621 1660 1657 in

79 1695 269 1746 proposita
300 1695 522 1746 quaestione.
579 1694 697 1745 Agite
720 1707 786 1732 vos
810 1707 879 1745 pro
901 1698 1024 1731 vestra
1050 1691 1112 1742 pia
1134 1688 1343 1741 prudentia.
1401 1688 1541 1726 Iterum
1564 1685 1658 1724 vale.

81 1760 246 1811 Raptim,
281 1762 303 1796 6
331 1759 510 1798 Januarii.

706 1841 808 1879 Tuus
838 1854 883 1879 ex
911 1840 1052 1885 animo,

1118 1920 1244 1959 THO.
1273 1917 1536 1958 SAMPSON.

362 2020 626 2047 1NSCR1PT10.

186 2075 343 2111 clariss.
375 2075 563 2123 Theologo
592 2076 640 2111 D.
672 2075 719 2112 D.
751 2075 867 2112 Petro

232 2140 419 2187 sssartyrz',
443 2151 647 2175 sacrarum
672 2139 876 2176 literarum

231 2203 438 2254 professori
453 2203 698 2251 fidelissimo.

462 2268 614 2316 Te'guri.

160 2401 198 2438 Ρ.
236 2400 272 2437 S.
347 2400 385 2438 Si
422 2399 510 2451 quid
544 2399 726 2436 scribatur
761 2398 879 2448 regiae
916 2396 1106 2447 majestati
1133 2396 1191 2433 vel
1228 2409 1249 2432 a
1284 2402 1321 2433 te
1354 2396 1411 2433 vel
1439 2408 1462 2432 a
1490 2395 1539 2433 D.
1569 2394 1659 2431 Ber-

78 2466 247 2511 nardino,
278 2467 335 2503 vel
371 2479 392 2502 a
422 2466 469 2502 D.
502 2463 735 2513 Bullingcro,
764 2475 840 2500 non
875 2463 982 2512 quasi
1009 2474 1075 2498 vos
1107 2461 1153 2498 ab
1187 2461 1312 2511 aliquo
1345 2459 1490 2498 incitati
1518 2459 1662 2497 fueritis

77 2532 324 2575 scribendum,
354 2536 395 2567 ut
427 2542 493 2566 vos
527 2527 658 2565 melius
692 2526 822 2564 nostis.
879 2526 1023 2563 Salutat
1059 2531 1096 2563 te
1125 2539 1170 2562 cx
1201 2526 1328 2562 animo
1361 2530 1492 2562 noster
1518 2522 1657 2561 Cham-

78 2599 193 2635 herus.
260 2597 350 2633 Mea
388 2607 482 2631 uxor
518 2599 698 2643 quartana
735 2596 898 2628 vexatur.
955 2590 1076 2627 Giana
1110 2590 1204 2627 benc
1247 2590 1357 2626 valet.
1416 2589 1513 2626 I’uto
1544 2588 1658 2626 etiam

84 2663 275 2699 klctonum
309 2673 392 2698 cum
419 2672 485 2695 sua
513 2658 609 2694 bene
640 2656 774 2693 valere.
829 2654 918 2692 Ruri
948 2667 1022 2704 ago
1049 2654 1146 2691 inter
1173 2654 1332 2692 rusticos
1363 2653 1555 2691 Christum
1589 2665 1658 2704 pro

77 2739 161 2763 meo
185 2726 335 2763 modulo
362 2729 537 2761 tractans.
583 2721 638 2759 Tu
659 2734 724 2772 pro
753 2733 813 2757 me
842 2720 965 2757 Deum
993 2732 1096 2770 roga.
1145 2718 1290 2757 Literas
1312 2724 1394 2756 tuas
1415 2718 1659 2770 Springamus

76 2791 133 2828 vel
164 2790 304 2828 Abelus
332 2789 377 2826 ad
407 2801 465 2825 me
494 2786 644 2838 perferri
673 2785 828 2823 curabit.
