1845 3233
155 147 321 205 vam]
399 162 652 190 LAUREN'rms
683 160 930 188 HUMFREDUS
962 160 1017 185 AD
1052 158 1266 185 HENRICUM
1299 143 1606 184 BULLINGERUM.
1686 143 1739 182 91

154 281 202 318 ad
223 280 403 331 pictatem
422 284 526 316 tuam
549 277 641 315 alias
660 276 913 327 quaestiones:
940 273 1069 311 nescio
1091 286 1139 310 an
1164 272 1366 323 acceperis.
1425 273 1552 323 Rogo,
1571 276 1612 308 ut
1632 283 1745 321 quam

155 345 315 396 primum
341 342 507 394 digneris
536 341 646 393 paulo
672 341 790 378 fusius
816 339 1002 390 judicium
1032 343 1137 374 tuum
1164 342 1202 374 ct
1230 337 1450 387 opinionem
1477 335 1678 386 explicare,
1710 341 1748 372 ct

153 410 332 454 rationes,
364 420 429 445 cur
458 406 496 443 id
521 405 674 450 sentias,
700 405 890 455 attingere
919 415 985 441 seu
1015 406 1160 439 notare.
1214 400 1332 438 Vides
1364 401 1563 439 Lernaeam
1591 399 1746 450 hydram

155 487 235 511 esse
254 473 313 510 vel
331 471 487 510 caudam
509 470 693 521 papalem.
749 469 865 508 Vides
884 467 974 519 quid
999 465 1214 517 pepererint
1230 465 1401 516 reliquia}
1421 464 1745 502 Amorrhaeorum.

154 538 268 577 Vides
299 535 623 587 importunitatem
652 540 830 572 nostram.
890 532 1035 577 Quaeso
1061 536 1103 568 ut
1133 530 1179 567 de
1207 542 1247 566 re
1274 535 1355 566 tota
1380 529 1552 567 conferas
1582 542 1666 566 cum
1695 529 1745 566 D.

156 602 333 639 Gualtero
353 606 390 637 et
408 599 636 650 symmystis,
658 604 696 636 et
715 598 762 635 ad
781 610 842 634 me
861 596 920 634 vel
942 596 989 633 D.
1012 595 1260 645 Sampsonum
1280 594 1487 644 perscribas
1508 594 1748 631 sententiam.

157 665 311 710 Oxonii,
341 664 446 702 Febr.
468 666 505 708 9,
534 662 584 700 A⁰
613 664 727 707 1565,
754 662 864 712 juxta
887 659 1208 710 computationem
1233 657 1449 708 Anglicam.
1508 657 1682 696 Christus
1707 664 1747 695 te

157 729 251 767 bene
281 729 467 767 valentem
497 732 536 764 ct
565 726 763 764 florentem
796 726 858 763 diu
886 730 1007 762 servet
1035 722 1207 761 ecclesiae
1237 723 1339 760 suae!

861 789 934 826 Tui
961 786 1327 831 observantissimus,

1029 861 1300 900 LAURENT.
1334 861 1691 901 HUMFREDUS.

443 946 710 974 INscmP‘rro.

236 1003 449 1040 Reverendo
467 1005 509 1040 in
530 1003 680 1039 Christo
704 1001 816 1050 patri
838 1011 885 1035 ac
904 998 1061 1035 domino

344 1068 394 1105 D.
411 1067 652 1115 Bullingero,
667 1077 738 1102 ecc,
761 1064 960 1112 Tigurinoe
972 1074 1063 1111 pas-

346 1134 421 1169 tori
436 1132 620 1182 fideliss0.

691 1370 993 1413 EPISTOLA
1032 1370 1210 1411 LXIX.

327 1558 530 1590 THOMAS
562 1559 789 1590 SAMPSON
817 1560 885 1590 AD
917 1559 1181 1591 HENRICUM
1211 1537 1588 1588 BULLINGERU'M.

241 1628 515 1666 REVERENDE
549 1629 586 1667 in
615 1629 771 1667 Christo
801 1635 919 1680 pater,
950 1629 1082 1681 scripsi
1101 1643 1168 1667 sex
1185 1627 1321 1666 abhinc
1340 1628 1533 1666 mensibus
1551 1628 1679 1666 literas
1705 1629 1753 1666 :ul

160 1700 210 1740 te,
230 1694 432 1731 multorum
450 1693 604 1731 fratrum
618 1693 715 1732 votis
735 1694 1004 1740 satisfacturus,
1024 1694 1057 1732 si
1075 1694 1190 1731 modo
1208 1705 1429 1743 responsum
1441 1706 1464 1730 a
1482 1699 1548 1730 tua
1565 1693 1752 1744 dignitate

160 1758 383 1804 retulissem,
416 1763 526 1809 prout
555 1758 667 1796 enixe
698 1764 777 1796 tum
809 1759 972 1796 orabam.
1041 1757 1115 1796 Sed
1143 1771 1229 1795 cum
1253 1757 1312 1795 vel
1336 1770 1433 1795 meae
1465 1758 1534 1795 tibi
1558 1771 1636 1795 non
1665 1763 1752 1795 sunt

161 1823 332 1868 redditae,
358 1822 415 1860 vcl
441 1827 519 1860 tuae
545 1821 596 1874 (si
624 1835 716 1874 quas
746 1823 956 1874 scripseris)
981 1823 1203 1874 interceptae
1222 1822 1394 1860 videntur
1423 1835 1519 1867 esse,
1549 1822 1587 1859 id
1617 1822 1753 1873 ipsum,

162 1888 263 1938 quod
282 1891 383 1932 ante,
409 1899 509 1924 nunc
532 1887 658 1925 denuo
683 1888 844 1926 seribere
864 1900 993 1938 cogor.
1051 1887 1109 1925 Ea
1134 1892 1191 1924 est
1214 1892 1355 1924 nostrae
1375 1887 1547 1924 ecclesiae
1569 1887 1750 1931 conditio,

162 1964 249 2002 quae
277 1951 408 1987 advos
430 1951 650 2001 jamdudum
679 1952 821 2002 perlata
844 1957 924 1990 est:
955 1952 1035 2002 jam
1054 1951 1156 1989 enim
1175 1956 1261 2002 post
1289 1950 1479 2001 expletum
1506 1951 1545 1988 in
1565 1952 1750 2002 evangeiii

160 2014 391 2067 professione
420 2015 655 2065 septennium
686 2016 874 2054 recruduit
902 2021 1092 2054 certamen
1121 2016 1168 2053 de
1196 2028 1234 2053 re
1265 2015 1453 2060 vestiaria,
1487 2015 1526 2052 in
1555 2028 1629 2065 quo
1660 2015 1750 2053 olim

163 2080 369 2117 velitabant
387 2077 626 2125 Cranmerus,
652 2079 833 2130 Rydleius
857 2086 895 2117 et
920 2080 1111 2131 Hoperus,
1137 2079 1365 2117 sanctissimi
1389 2079 1530 2116 Christi
1556 2086 1750 2130 martyres.

161 2144 292 2183 Status
324 2149 451 2180 tamen
480 2144 704 2194 quaestionis
734 2157 811 2182 non
836 2157 902 2194 per
930 2145 1059 2182 omnia
1086 2144 1185 2182 idem
1214 2150 1282 2189 est,
1313 2150 1353 2181 at
1378 2144 1589 2195 potentium
1610 2144 1752 2194 placita

164 2209 286 2259 magis
317 2207 578 2258 implacabilia.
634 2208 749 2253 Quod
782 2209 933 2259 quidem
965 2208 1165 2245 admodum
1201 2208 1324 2258 placet
1361 2208 1580 2245 adversariis
1613 2209 1753 2246 nostris

167 2272 480 2317 Lovaniensibus;
511 2271 594 2310 hacc
620 2272 721 2309 enim
741 2272 794 2309 illi
819 2272 857 2310 in
877 2272 1014 2310 coelum
1034 2272 1202 2310 laudibus
1221 2271 1394 2309 evehunt.

243 2336 297 2374 At
333 2349 408 2387 quo
444 2336 591 2373 facilius
624 2349 703 2374 rem
739 2343 1017 2374 controversam
1054 2336 1164 2387 plane
1195 2336 1410 2388 perspicias,
1445 2336 1545 2373 volui
1578 2336 1678 2374 illam
1713 2338 1751 2374 in

165 2402 397 2454 quaestiones
428 2401 611 2452 quasdam
641 2401 821 2452 redigere.
876 2401 954 2439 Hae
982 2401 1035 2438 sic
1064 2400 1226 2438 habent:

246 2467 275 2504 Ι.
333 2465 394 2503 An
414 2465 571 2502 vestitus
590 2466 799 2516 peculiaris,
821 2479 844 2503 a
861 2465 965 2503 laicis
990 2465 1201 2510 distinctus,
1222 2464 1399 2502 ministris
1419 2466 1601 2516 evangelii
1622 2467 1754 2504 melio·

164 2532 264 2570 ribus
293 2530 525 2581 temporibus
548 2543 712 2581 unquam
743 2530 855 2568 fucrit
879 2530 1119 2574 constitutus,
1146 2535 1184 2567 ct
1213 2542 1260 2567 an
1287 2528 1398 2567 hodie
1418 2530 1595 2567 constitui
1620 2530 1755 2568 debeat

166 2597 203 2633 in
231 2595 434 2633 reformata
462 2594 649 2632 ccclesia?

245 2659 299 2697 ΙΙ.
354 2659 416 2696 An
449 2659 634 2709 ejusmodi
664 2659 822 2697 vestium
854 2658 1090 2710 praescriptio
1116 2671 1199 2696 cum
1233 2658 1399 2696 libertate
1434 2658 1687 2697 ecclesiastica
1715 2665 1754 2696 ct

166 2723 369 2762 christiana
397 2723 639 2761 consentiat?

246 2788 322 2826 III.
378 2788 438 2826 An
476 2801 596 2825 rerum
633 2787 923 2825 indifferentium
961 2793 1094 2825 natura
1130 2787 1306 2825 admittat
1342 2788 1592 2832 coactionem,
1632 2793 1670 2824 ct
1705 2801 1752 2824 :m

166 2853 406 2891 conscientiis
434 2853 633 2890 multorum
661 2853 828 2890 nondum
857 2853 1042 2903 persuasis
1072 2851 1147 2890 ulla
1174 2852 1230 2889 vis
1258 2851 1451 2890 inferenda
1479 2853 1528 2890 sit
1542 2853 1557 2889 ζ)

250 2917 316 2955 IV.
371 2917 432 2954 An
455 2918 542 2955 ullae
568 2917 794 2955 ceremonia}
819 2930 930 2956 novae
955 2923 1094 2968 praeter
1121 2930 1339 2968 expressum
1365 2917 1468 2956 verbi
1493 2918 1753 2968 praescriptum

168 2982 314 3020 institui
343 2988 407 3020 aut
434 2981 613 3020 cumulari
640 2981 810 3033 possint?
