1845 3233
119 157 220 214 cm]
615 171 670 198 Ao
700 169 948 197 RODOLPHUM
979 168 1238 194 GUALTERUM.
1638 148 1725 195 167

124 286 264 332 Hilles,
296 292 544 324 mercatorem
567 290 789 328 nostratem,
815 282 1072 321 Froschovero
1091 288 1214 320 vestro
1234 281 1342 326 tradi,
1368 287 1410 319 ut
1437 281 1485 318 ad
1511 292 1577 318 vos
1605 280 1723 318 defer—

122 355 262 388 rentur.
320 351 509 388 Dominus
527 351 550 388 J
555 363 639 387 esus
662 354 699 386 te
725 347 834 385 nobis
854 347 1064 384 diutissime
1089 353 1210 384 servet
1232 346 1458 384 ineolumem
1479 345 1526 382 ad
1547 343 1721 382 eeclesiae

124 427 203 452 suae
235 415 479 453 commodum
507 413 738 452 maximum!
795 411 982 448 Salutabis
1005 424 1090 448 meo
1112 411 1268 448 nomine
1295 410 1467 448 ecclesiae
1489 408 1630 447 Christi
1657 422 1721 447 co-

123 477 304 524 lumnam,
336 479 384 517 D.
408 479 620 517 chricum
640 476 914 526 Bullingerum.
971 476 1031 513 Ex
1062 475 1206 513 aedibus
1230 475 1324 512 meis
1351 475 1390 513 in
1419 474 1548 512 Insula
1576 473 1720 511 Eliensi

122 542 160 580 in
187 542 332 594 Anglia
359 543 592 588 constitutis,
621 542 681 579 die
714 542 761 578 112
790 540 912 585 Junii,
944 542 1059 577 1573.

706 615 779 653 Tui
808 615 847 652 in
876 614 1030 653 Christo
1058 615 1351 660 amantissimus,

1055 690 1332 729 RICARDUS
1369 688 1561 733 COXUS,

423 768 671 795 mscmp'rio.
1306 753 1468 791 Eliensis
1498 753 1720 805 Episcopus.

205 823 413 860 Carissimo
446 824 487 860 in
523 819 674 857 Christo
701 817 841 868 fiatri,
872 818 921 856 D.

282 886 482 935 Rodolplzo
528 884 725 928 (r'uctltero,
768 882 927 919 ecclesia-2

284 951 482 1001 Tigurinoe
497 946 924 998 proeconifidelissimo.

693 1160 996 1204 EPISTOLA
1039 1162 1137 1204 CX.

214 1325 429 1356 JACOBUS
460 1326 830 1360 PILKINGTONUS
860 1330 929 1361 AD
960 1326 1272 1361 RODOLPHUM
1304 1324 1626 1357 GUALTERUM.

206 1399 230 1438 J
234 1402 358 1438 Esus!
395 1401 432 1439 S.
457 1401 499 1438 P.
537 1402 577 1439 Si
593 1409 775 1453 quantum
794 1405 863 1443 tibi
883 1406 991 1444 datur
1008 1403 1189 1455 temporis
1208 1407 1246 1440 et
1260 1401 1393 1439 virium
1410 1401 1456 1438 ad
1471 1399 1723 1448 scribenduin‘

127 1464 315 1502 tantillum
338 1465 432 1502 mihi
455 1466 604 1504 daretur
628 1467 697 1505 otii
724 1476 762 1506 et
788 1470 1013 1508 valetudinis
1042 1469 1089 1506 ad
1111 1467 1326 1518 legendum,
1355 1478 1441 1516 quae
1460 1471 1502 1502 tu
1526 1463 1721 1502 indefessis

128 1529 316 1566 laboribus
341 1529 415 1566 tuis
440 1530 545 1580 prelo
576 1532 823 1576 commisisti;
854 1534 963 1579 bene,
989 1533 1081 1570 mihi
1111 1532 1232 1576 crede,
1262 1543 1409 1568 mecum
1440 1530 1503 1580 agi
1526 1534 1719 1580 putarem:

127 1594 194 1631 sed
226 1606 340 1644 quum
377 1593 512 1630 crebris
546 1594 826 1635 infirmitatibus
862 1598 1042 1649 impedior
1074 1610 1121 1634 ne
1155 1595 1311 1646 possim,
1351 1599 1560 1645 praeterque
1598 1594 1721 1643 quoti-

129 1657 259 1694 dianas
278 1657 519 1695 ecelesiarum
540 1672 645 1696 curas
676 1666 714 1697 et
733 1662 880 1711 publica
899 1661 1056 1714 negotia
1075 1665 1254 1712 perpetuo
1280 1671 1364 1696 eum
1385 1657 1524 1695 morbis
1544 1664 1581 1694 et
1600 1664 1721 1694 morte

126 1721 321 1766 colluctor,
342 1722 514 1760 ecelesiae
538 1723 607 1760 Dei
628 1724 807 1773 gratulor,
835 1726 893 1763 cui
919 1730 960 1762 tu
979 1730 1107 1762 tantus
1127 1730 1165 1761 et
1184 1723 1269 1760 talis
1289 1721 1484 1771 contigisti
1503 1721 1717 1771 operarius:

132 1784 371 1836 (senescente
392 1787 472 1837 jam
496 1787 637 1824 mundo
665 1794 703 1824 et
730 1788 1013 1839 ingravescente
1031 1794 1144 1826 aetate
1172 1801 1255 1825 mea
1283 1785 1373 1823 mihi
1402 1786 1524 1829 doleo,
1556 1786 1614 1823 cui
1642 1792 1720 1822 tam

131 1862 263 1886 suaves
280 1849 419 1887 fruetus
437 1856 522 1888 tuos
541 1851 740 1901 degustare
758 1853 821 1890 vix
841 1852 968 1904 licet3)
993 1859 1030 1890 et
1049 1853 1118 1890 tibi
1138 1851 1346 1890 Nestoreos
1366 1863 1485 1887 annos
1507 1856 1660 1901 exopto,
1681 1856 1722 1886 ut

132 1926 217 1963 quae
242 1920 320 1950 tam
345 1913 505 1951 feliciter
529 1916 688 1965 coepisti,
719 1916 861 1955 felicius
881 1917 1119 1955 exaedificare
1139 1929 1264 1966 queas.
1320 1915 1445 1959 Quam
1465 1914 1575 1950 multi
1594 1914 1723 1951 multis

132 1978 361 2015 doctissimis
377 1978 452 2015 tuis
471 1980 754 2018 commentariis
779 1981 935 2018 multum
968 1982 1210 2024 delectantur,
1239 1979 1503 2030 praecipueque
1523 1978 1722 2029 postremis

131 2043 206 2079 tuis
231 2043 269 2079 in
296 2049 489 2092 utramque
519 2043 565 2079 ad
595 2042 815 2082 Corinthios
844 2045 1042 2096 epistolam
1071 2044 1241 2095 (propter
1269 2056 1363 2093 quos
1389 2055 1460 2092 ego
1490 2055 1636 2092 quoque
1665 2042 1721 2078 in-

132 2112 266 2157 gentes
292 2120 367 2157 ago
389 2106 457 2143 tibi
487 2106 626 2155 gratias
654 2106 856 2159 seersum),
878 2109 966 2146 nolo
992 2121 1090 2145 nunc
1115 2107 1183 2144 tibi
1208 2105 1539 2144 commemorando
1558 2119 1720 2150 narrare,

132 2184 202 2208 nec
232 2170 364 2222 quam¹
394 2170 595 2220 magnifice
628 2184 700 2221 ego
730 2172 776 2209 de
806 2172 878 2208 illis
903 2172 1078 2217 sentiam,
1107 2171 1304 2221 explicare,
1335 2184 1380 2207 ne
1410 2183 1527 2207 vanus
1556 2169 1723 2208 fortassis

132 2235 302 2272 adulator
333 2235 472 2285 potius,
503 2247 614 2285 quam
646 2248 753 2272 verus
781 2235 819 2271 in
850 2248 893 2272 os
922 2236 1092 2273 laudator
1122 2234 1188 2271 tibi
1219 2234 1296 2271 fore
1327 2234 1461 2270 videar.
1517 2233 1575 2271 Tu
1605 2247 1721 2285 pergo

132 2311 256 2349 porro,
277 2298 379 2348 quod
400 2298 560 2348 coepisti.
609 2298 816 2335 Dominum
844 2299 967 2336 Deum
994 2298 1142 2348 seriptis
1167 2298 1241 2334 tuis
1267 2297 1494 2348 przedicato:
1526 2297 1721 2334 ecclesiam

132 2362 231 2399 illius
250 2362 438 2412 mysteriis
458 2362 666 2411 aperiendis
686 2362 890 2399 aedificato:
922 2363 1095 2400 indoctos
1113 2362 1268 2405 instruc,
1294 2361 1479 2398 doctiores
1505 2361 1550 2398 ad
1580 2361 1723 2398 labores

133 2431 360 2477 provocato:
403 2426 572 2476 singulos
608 2425 768 2471 hortare,
799 2440 923 2471 mone,
952 2427 1122 2478 increpa3
1166 2432 1203 2463 et
1238 2426 1447 2463 Dominum
1484 2438 1721 2463 communem

134 2491 302 2528 omnium
324 2490 478 2527 habebis
508 2491 769 2540 inspectorem,
791 2491 1034 2537 laudatorem,
1054 2496 1092 2527 et
1116 2495 1429 2528 remuneratorem
1456 2490 1722 2540 amplissimum

134 2555 301 2592 laborum
321 2563 467 2591 tuorum
487 2554 525 2590 in
546 2555 644 2591 illius
661 2555 769 2591 vinea
788 2555 1025 2605 repurganda
1044 2555 1266 2604 positorum.

217 2619 289 2656 Sed
313 2618 386 2663 hic,
414 2631 557 2668 quaeso,
582 2618 770 2668 paulisper
793 2631 939 2656 mecum
959 2619 1135 2662 consiste,
1157 2624 1195 2656 et
1212 2618 1408 2656 eeclesiam
1429 2618 1523 2656 hanc
1543 2626 1722 2663 nostram,

137 2695 234 2719 nunc
259 2682 465 2719 miserrime
491 2682 659 2726 scissam,
686 2695 732 2718 ne
759 2682 881 2719 dicam
902 2682 1049 2732 penitus
1074 2683 1327 2726 dilaceratam,
1347 2682 1524 2732 deplora3
1557 2683 1724 2720 Domino

145 2747 223 2783 Deo
242 2751 308 2782 tuo
327 2745 562 2790 commenda,
591 2750 629 2781 ct
653 2751 694 2781 ut
716 2745 834 2783 nostri
860 2745 1031 2783 misertus
1051 2759 1161 2796 quam
1182 2747 1257 2783 cito
1276 2746 1375 2796 piam
1396 2746 1582 2796 quandam
1600 2747 1726 2784 mede-

136 2811 210 2848 lam
230 2809 436 2860 provideat,
452 2814 493 2845 ut
512 2808 596 2846 haee
616 2809 738 2846 ulcera
758 2816 947 2854 sanentur,
963 2823 1011 2847 ne
1032 2823 1179 2860 prorsus
1201 2816 1359 2854 corruat,
1380 2824 1503 2847 exora.
1559 2810 1727 2856 Audivit,

139 2880 197 2912 sat
227 2874 320 2918 scio,
349 2873 545 2923 prudentia
575 2879 651 2918 tua,
682 2873 790 2924 idque
822 2874 959 2924 szepius
993 2874 1040 2910 ad
1069 2887 1259 2919 nauseam,
1290 2874 1336 2912 (le
1366 2874 1505 2912 infelici
1536 2875 1600 2912 illa
1630 2875 1730 2913 inter

138 2938 320 2988 quosdam
358 2952 378 2975 e
411 2937 550 2975 nostris
584 2937 825 2976 contentione
862 2938 908 2975 de
938 2951 976 2975 re
1008 2938 1181 2976 vestiaria
1218 2944 1255 2976 et
1292 2937 1420 2977 habitu
1458 2939 1725 2984 ministrorum,

777 3012 798 3048 [¹
820 3014 881 3041 MS.
904 3013 1072 3048 quaquam]
