1845 3233
159 127 214 172 70
716 137 922 164 JOHANNES
952 136 1120 162 summus
1573 118 1715 175 [EPIST.

157 258 225 295 sim
261 257 484 301 volitabant;
519 256 748 293 addebantur
778 252 996 289 munuscula
1025 251 1195 301 quaedam
1225 249 1442 293 honoraria;
1476 255 1514 286 et
1543 249 1714 287 omnibus

156 321 273 359 modis
310 320 428 369 gratia
469 325 506 356 et
546 320 656 356 bonae
699 315 983 354 existimationis
1019 328 1128 351 usura
1169 314 1411 364 quaerebatur.
1479 313 1540 351 Sic
1576 313 1717 352 scilicet

155 385 321 435 sperabat
352 383 477 420 fucum
506 381 718 419 hominibus
751 379 977 430 simplicibus
1008 391 1117 428 posse
1147 378 1236 415 fieri.
1293 377 1482 428 Quicquid
1510 383 1580 421 est,
1616 377 1715 427 apud

155 461 222 485 nos
256 460 332 484 non
366 446 553 483 successit.
609 445 690 483 Nos
722 444 821 481 enim
854 443 932 492 jam
966 441 1251 492 conscripsimus
1286 441 1455 486 militem,
1493 441 1714 478 armavimus

154 511 318 554 classem,
357 516 495 547 stamus
535 510 574 547 in
619 510 823 559 procinctu,
861 511 901 542 ut
936 505 966 542 si
1005 505 1093 555 quid
1127 518 1220 555 opus
1256 505 1334 549 erit,
1373 518 1498 542 eamus
1535 504 1711 542 subsidio.

153 574 360 612 Adversarii
388 586 529 618 omnes,
566 573 773 623 quicunque
810 576 895 607 sunt
926 569 1024 619 apud
1057 582 1127 606 nos
1154 569 1295 619 egregii
1324 576 1386 606 aut
1413 569 1566 619 alicujus
1597 573 1712 612 notae,

151 639 242 690 jussi
272 643 355 675 sunt
382 638 556 687 conqueri
584 642 622 674 et
648 635 836 678 asservari,
867 647 913 670 ne
941 633 1028 684 quid
1055 638 1225 670 noceant.

229 702 380 740 Utinam
405 702 512 739 vestri
541 701 651 738 etiam
672 699 853 750 principes
873 703 909 735 et
927 697 1144 748 respublicae
1164 697 1363 747 aliquando
1382 697 1649 748 expergefiant,
1675 703 1712 733 et

152 766 318 816 cogitent
344 778 493 802 causam
518 777 599 801 esse
624 775 882 806 communem;
914 775 952 799 se
975 774 1121 812 quoque
1147 762 1283 799 involvi
1308 775 1430 812 posse,
1455 762 1528 798 nisi
1556 767 1711 798 caveant

151 844 197 867 ne
220 830 373 866 nimium
394 828 455 865 diu
477 828 596 865 otiose
620 833 783 878 spectare
808 826 921 864 velint
943 826 1031 876 quid
1057 831 1173 876 agant
1198 826 1271 863 alii.
1329 826 1403 863 Res
1433 839 1476 862 eo
1503 826 1586 862 loco
1610 838 1709 862 nunc

150 900 217 937 cst,
250 899 290 929 ut
326 893 534 930 cunctando
569 905 638 929 nec
665 890 807 928 rest-itui
845 889 960 940 possit
991 903 1058 926 nec
1089 890 1249 927 retineri.
1318 890 1390 927 Sed
1420 890 1483 927 Dii
1515 890 1568 926 illi
1598 889 1711 927 vestri

149 957 275 994 selecti
302 955 506 994 Tridentini
534 955 649 1005 quid?
683 968 729 991 an
756 960 907 1005 repente
936 954 1226 991 obmutuerunt?
1282 954 1315 991 O
1346 960 1491 991 sanctos
1520 959 1643 1004 patres
1672 960 1710 990 et

148 1034 284 1070 magna
308 1019 434 1057 mundi
462 1019 621 1056 lumina!
674 1019 795 1057 Tanto
817 1024 997 1068 tempore,
1021 1018 1274 1068 septendecim
1294 1019 1372 1069 jam
1395 1018 1483 1055 totis
1506 1017 1707 1062 mensibus,

147 1098 192 1122 ne
212 1084 359 1121 verbum
379 1082 551 1134 quidem?
595 1083 710 1133 Atqui
729 1083 980 1120 sanctissimus
1001 1081 1219 1131 jamdudum
1244 1088 1475 1132 exspectarat
1491 1080 1706 1127 ἀποθέωσιν,

147 1154 183 1185 et
209 1148 362 1185 fortasse
389 1148 434 1184 ab
462 1147 534 1184 illis
559 1152 664 1198 putat
689 1147 757 1184 sibi
786 1146 955 1196 injuriam
981 1146 1071 1183 fieri.
1127 1146 1175 1183 D.
1196 1146 1399 1183 Balduinus
1427 1146 1551 1184 scribit
1575 1147 1622 1183 ad
1646 1159 1705 1183 nic

146 1225 369 1262 magnopere
387 1212 531 1261 probari
550 1211 618 1248 sibi
637 1217 801 1248 nostram
820 1211 858 1247 in
877 1211 1056 1247 mutanda
1073 1210 1254 1260 religione
1272 1211 1576 1254 moderationem,
1597 1223 1706 1260 seque

147 1277 314 1312 daturum
335 1288 497 1325 operam,
530 1274 654 1326 (putat
678 1275 774 1312 enim
800 1288 839 1312 se
862 1288 973 1325 posse
999 1274 1166 1325 aliquid,)
1196 1281 1236 1312 ut
1263 1275 1394 1312 similis
1418 1275 1512 1312 ratio
1539 1275 1705 1312 obtineat

146 1341 183 1377 in
205 1352 322 1389 regno
346 1339 492 1384 Galliae;
517 1337 706 1390 ἀκρίβειαν
723 1345 845 1376 autem
871 1339 971 1376 illam
996 1339 1063 1376 sibi
1090 1344 1246 1376 vestram
1271 1345 1309 1376 et
1334 1339 1605 1377 Genevensium
1627 1352 1703 1376 non

144 1404 298 1455 placere.
345 1403 414 1440 Est
432 1403 469 1440 in
489 1417 531 1440 ea
548 1417 599 1447 re,
618 1409 658 1440 ut
675 1403 766 1441 mihi
784 1404 931 1454 quidem
950 1404 1104 1449 videtur,
1120 1403 1281 1453 iniquior
1296 1404 1343 1440 D.
1359 1402 1529 1448 Calvino,
1546 1403 1702 1440 nimium

146 1467 298 1504 fortasse
328 1480 470 1505 memor
498 1468 630 1505 veteris
658 1468 866 1505 simultatis.
921 1468 1052 1505 Petrus
1081 1467 1294 1505 Alexander
1319 1467 1461 1505 laborat
1489 1467 1656 1505 Londini
1682 1481 1702 1503 e

145 1531 319 1580 podagra,
340 1531 457 1567 bonus
482 1531 535 1568 vir
562 1537 598 1568 et
619 1532 697 1581 jam
726 1532 829 1569 senio
852 1545 931 1569 non
958 1531 1051 1568 nihil
1075 1531 1297 1568 debilitatus.
1355 1531 1591 1568 Hermannus
1616 1537 1701 1568 tuus

146 1601 201 1631 est
232 1608 329 1631 nunc
362 1595 457 1645 apud
488 1608 569 1632 me:
606 1596 807 1633 transmisit
837 1596 883 1633 ad
914 1609 982 1633 nos
1014 1609 1034 1633 e
1067 1595 1208 1640 Galliis,
1242 1596 1338 1646 quod
1369 1595 1421 1632 ibi
1451 1595 1590 1632 videret
1622 1595 1700 1632 istis

144 1658 370 1703 tumultibus,
389 1659 520 1708 quibus
544 1665 654 1697 antea
679 1673 755 1697 non
779 1666 1001 1705 assueverat,
1027 1659 1147 1697 studia
1171 1673 1237 1697 sua
1260 1660 1440 1710 impediri.
1498 1660 1531 1697 Ο
1556 1660 1701 1710 quoties

144 1735 214 1760 nos
249 1722 343 1759 inter
375 1736 443 1759 nos
477 1723 521 1760 de
548 1729 598 1768 te,
627 1724 672 1761 de
701 1725 748 1761 D.
780 1725 1009 1774 Bullingero,
1038 1724 1083 1761 de
1110 1737 1225 1761 uxore
1252 1730 1327 1769 tua,
1366 1724 1410 1761 de
1439 1729 1520 1760 tota
1547 1723 1699 1769 familia,

142 1787 258 1836 deque
285 1786 452 1824 universo
478 1787 629 1837 TigurO,
659 1802 767 1838 quam
793 1789 950 1826 suaviter
972 1794 1010 1826 et
1034 1794 1170 1839 quanta
1196 1801 1280 1825 cum
1306 1787 1493 1838 voluptate
1519 1788 1698 1838 colloqui-

143 1851 246 1886 mur!
303 1851 371 1887 Est
395 1850 484 1888 mihi
508 1852 602 1889 illius
626 1853 815 1890 convictus
834 1852 1140 1903 jucundissimus:
1171 1859 1227 1890 est
1253 1852 1364 1896 enim,
1385 1857 1426 1888 ut
1450 1851 1533 1897 scis,
1554 1851 1699 1902 juvenis

144 1914 260 1951 bonus
285 1920 322 1951 et
348 1915 603 1965 perhumaan
632 1923 670 1954 et
697 1917 885 1954 literarum
913 1918 1090 1955 bonarum
1117 1917 1318 1954 admodum
1346 1916 1541 1954 studiosus.

219 1979 293 2015 Res
321 1985 459 2016 nostrae
487 1980 532 2017 de
560 1980 740 2030 religione
770 1987 869 2018 recte
901 1981 1048 2019 habent.
1116 1981 1282 2031 Papistze
1314 1981 1574 2018 obstinatiores
1600 1994 1697 2018 nunc

141 2048 226 2078 sunt
254 2055 361 2092 quam
398 2057 557 2094 unquam
588 2050 708 2082 antea.
775 2046 944 2083 Pendent
972 2046 1111 2084 scilicet
1143 2046 1188 2082 ab
1216 2051 1350 2082 eventu
1382 2058 1502 2082 rerum
1538 2045 1697 2083 Gallica-

138 2119 228 2143 rum.
284 2106 364 2144 Nos
390 2107 524 2157 viginti
545 2109 623 2158 jani
651 2109 730 2146 dies
759 2123 778 2147 e
808 2110 927 2147 Gallia
954 2109 1046 2147 nihil
1072 2109 1251 2147 audimus,

216 2170 307 2207 Sunt
331 2171 401 2208 alia
423 2173 591 2221 quaedam
616 2186 755 2222 pauca:
785 2174 847 2211 sed
874 2188 917 2211 ea
942 2174 1062 2211 scribo
1080 2174 1257 2224 prolixius
1282 2174 1328 2211 ad
1355 2174 1401 2211 D.
1423 2173 1692 2225 Bullingerum,

140 2247 248 2283 quem
281 2234 388 2272 video
416 2235 540 2273 literas
560 2242 704 2274 nostras
728 2237 940 2275 avidissime
964 2237 1098 2288 legere,
1120 2243 1158 2274 et
1183 2238 1227 2274 de
1254 2237 1396 2274 illarum
1421 2237 1695 2276 intermissione

138 2297 238 2333 nullo
257 2311 340 2334 meo
359 2299 489 2336 merito
508 2313 651 2337 mecum
670 2301 855 2351 conqueri.
903 2301 1020 2338 Mitto
1039 2301 1085 2337 ad
1104 2306 1141 2339 te
1161 2302 1286 2339 decem
1305 2307 1500 2339 coronatos
1519 2303 1693 2348 Gallicos,

140 2374 231 2410 quos
264 2367 327 2398 tuo
362 2368 399 2399 et
433 2363 480 2401 D.
511 2364 716 2414 Bullingeri
743 2366 918 2402 arbitratu
948 2365 1082 2402 insumi
1115 2365 1223 2416 cupio
1254 2365 1294 2402 in
1330 2378 1477 2402 coenam
1506 2366 1545 2403 in
1573 2374 1693 2406 vestro

139 2423 366 2474 hypocausto
392 2427 587 2476 publicam,
613 2429 661 2466 ad
685 2443 794 2479 quam
823 2430 867 2467 de
896 2443 998 2467 more
1024 2430 1182 2467 ministri
1204 2430 1453 2475 ecclesiarum,
1478 2436 1516 2467 et
1538 2431 1693 2480 juvenes

138 2488 304 2533 studiosi,
334 2490 465 2540 aliique
499 2506 590 2542 quos
618 2493 808 2537 videbitur,
843 2500 1101 2532 convocentur.
1167 2494 1282 2531 Mitto
1314 2495 1361 2531 ad
1394 2494 1536 2532 Julium
1569 2509 1693 2534 meum

138 2558 333 2589 coronatos
361 2554 521 2592 Gallicos
547 2556 693 2606 viginti,
722 2571 813 2607 quos
841 2571 925 2595 cum
953 2565 1050 2596 esset
1079 2559 1247 2609 proxime
1274 2559 1312 2596 in
1341 2559 1480 2609 Anglia
1508 2560 1692 2609 pollicitus

139 2614 189 2650 illi
218 2627 298 2651 sum
327 2616 364 2652 in
393 2630 507 2654 annos
533 2619 714 2669 singulos:
754 2621 846 2657 alios
878 2621 989 2658 etiam
1020 2628 1106 2660 octo
1139 2629 1351 2668 coronatos,
1381 2629 1419 2659 et
1443 2623 1570 2660 nescio
1600 2637 1692 2674 quos

138 2683 316 2726 praeterea
335 2679 517 2726 baziones,
537 2682 604 2720 hoc
631 2689 687 2720 est
713 2684 848 2721 solidos
865 2684 1046 2735 Anglicos
1068 2686 1350 2737 quinquaginta,
1371 2700 1463 2737 quos
1481 2687 1540 2725 vix
1566 2693 1690 2725 tamen

138 2742 300 2791 expressi
324 2742 369 2779 ab
390 2743 511 2781 Annae
537 2759 675 2784 socero.

215 2805 316 2849 Vale,
350 2807 399 2842 mi
436 2814 539 2857 pater
570 2816 606 2846 et
638 2811 785 2848 domine
814 2812 852 2848 in
887 2813 1035 2850 Christo
1068 2815 1339 2853 colendissimo.
1407 2816 1533 2853 Saluta
1563 2829 1691 2866 quaeso

140 2869 315 2918 optimam
349 2870 447 2907 illam
491 2873 691 2918 mulierem,
724 2888 872 2912 uxorem
911 2883 1024 2922 tuam,
1064 2878 1110 2915 D.
1146 2879 1413 2929 Bullingerum,
1459 2881 1505 2917 D.
1540 2880 1691 2917 Gualte-

138 2945 229 2976 mm,
260 2933 306 2970 D.
335 2933 565 2982 Lavatcrum,
595 2938 641 2975 D.
664 2938 869 2983 Shnlemm,
903 2941 950 2977 D.
971 2941 1180 2991 Volphium,
1209 2944 1255 2980 D.
1278 2944 1501 2993 Zuinglium,
1533 2944 1578 2981 D.
1597 2944 1688 2981 Ges-
