1845 3233
125 150 242 208 Lxx]
377 166 584 193 JOHANNES
614 166 784 193 JUELLUS
819 166 874 192 AD
905 165 1119 192 HENRICUM
1160 166 1462 193 BULLINGERUM.
1650 155 1704 198 93

676 343 978 386 EPISTOLA
1012 343 1163 386 LXX.

267 524 523 556 JOHANNES
554 523 769 555 JUELLUS
800 525 868 555 AD
898 524 1160 556 HENRICUM
1194 524 1565 557 BULLINGERUM.

209 593 245 631 S.
266 605 331 631 PL.
360 593 399 631 in
420 593 586 632 Christo.
644 593 726 631 Etsi
753 593 933 645 proximis
959 593 1018 631 his
1044 593 1174 632 diebus
1193 595 1240 632 ad
1262 600 1299 632 tc
1323 595 1468 646 prolixe
1488 597 1712 647 scripserim,

126 658 432 696 reverendissime
451 665 570 710 pater,
599 664 726 696 tamen
746 672 830 696 cum
856 665 1091 696 occurrerent
1120 659 1307 710 quaedam,
1339 660 1375 697 in
1401 660 1535 711 quibus
1554 674 1713 712 magno-

127 735 214 773 pere
245 722 337 760 mihi
369 737 462 773 opus
492 729 549 761 est
577 723 720 774 judicio
744 728 823 769 tuo,
849 737 926 761 non
948 723 1111 761 alienum
1138 737 1198 761 me
1224 724 1408 762 facturum
1437 725 1651 771 arbitrabar,
1683 726 1713 764 si

126 787 261 824 iterum
280 788 493 825 scriberem.
548 788 644 826 Sunt
661 794 786 826 autem
805 801 863 826 res
881 788 1077 839 ejusmodi,
1097 801 1190 839 quas
1207 802 1284 826 non
1303 789 1469 826 dubitem
1490 795 1541 835 te,
1562 804 1629 841 pro
1648 796 1713 829 tua

127 851 323 903 multiplici
340 865 461 890 rerum
481 853 648 890 omnium
668 852 900 903 cognitione,
920 852 1028 890 facile
1047 865 1156 903 posse
1175 853 1361 904 expedire.

208 916 388 963 Primum,
409 918 502 955 scire
519 918 641 964 velim,
663 917 795 968 ecquid
815 916 1021 955 Christiani
1036 917 1086 954 illi
1103 917 1167 968 qui
1183 917 1293 955 hodic
1313 918 1469 968 sparsim
1488 918 1656 957 habitant
1674 920 1712 959 in

127 980 288 1026 Graecia,
308 981 415 1026 Asia,
448 982 568 1032 Syria,
594 981 786 1027 Armenia,
811 983 878 1020 Sto.
905 988 1058 1020 utantur
1074 982 1227 1033 privatis
1248 981 1328 1019 istis
1347 982 1481 1028 missis,
1503 997 1590 1035 quae
1613 998 1712 1024 nunc

126 1051 290 1096 receptae
315 1046 451 1097 ubique
476 1052 565 1084 sunt
588 1047 627 1084 in
654 1046 848 1097 papismo;
878 1059 1026 1098 quoque
1054 1059 1193 1097 genere
1215 1045 1424 1093 missarum,
1449 1048 1642 1098 privatone
1664 1063 1711 1087 an

127 1110 291 1161 publico,
320 1110 444 1148 Graeci
473 1110 582 1149 hodie
610 1111 778 1150 Venetiis
804 1111 860 1148 uti
886 1110 1062 1149 soleant?

206 1175 365 1220 Deinde,
399 1188 483 1212 cum
514 1175 650 1213 citetur
678 1176 861 1213 interdum
896 1175 1047 1227 quidam
1079 1175 1331 1222 Camotensis,
1363 1177 1426 1228 qui
1459 1177 1498 1216 in
1531 1192 1709 1230 paparum

126 1238 241 1276 vitam
273 1245 311 1277 et
345 1239 583 1277 insolentiam
615 1240 804 1290 scripserit
831 1241 1012 1285 acerbius,
1047 1240 1128 1291 quis
1165 1240 1227 1278 ille
1258 1240 1510 1288 Camotensis,
1544 1250 1581 1281 et
1611 1245 1715 1295 cujus

126 1304 280 1349 ordinis,
300 1309 338 1340 et
354 1316 511 1354 quorum
529 1310 741 1354 temporum
762 1304 1029 1355 hominumque
1048 1305 1188 1342 fuerit?

207 1368 415 1412 Postremo,
445 1367 534 1418 quid
558 1368 626 1406 tibi
651 1368 819 1406 videatur
842 1369 888 1407 de
912 1369 1072 1406 concilio
1098 1370 1335 1416 Germanico,
1369 1372 1468 1423 quod
1494 1372 1599 1410 aiunt
1624 1373 1714 1412 olim

123 1432 349 1470 celebratum
381 1432 450 1469 sub
486 1431 623 1470 Carolo
649 1432 797 1483 Magno
829 1439 961 1471 contra
989 1433 1189 1471 concilium
1218 1434 1406 1473 Niccnum
1437 1438 1639 1476 secundum
1667 1439 1712 1476 dc

124 1495 382 1546 imaginibus?
437 1495 532 1533 Sunt
557 1496 658 1534 enim
685 1498 748 1548 qui
775 1497 1008 1536 confidenter
1033 1504 1178 1548 negent
1203 1512 1365 1550 unquam
1388 1500 1603 1552 hujusmodi
1622 1516 1711 1541 con-

125 1560 251 1598 cilium
270 1561 386 1598 ullum
406 1560 587 1598 extitisse.

207 1625 302 1662 Peto
332 1638 355 1662 a
379 1631 416 1662 te
442 1637 508 1675 per
529 1625 711 1675 pietatem
735 1633 853 1672 tuam,
882 1640 930 1664 ne
955 1639 1016 1663 me
1042 1627 1248 1666 insolenter
1272 1635 1380 1680 putes
1399 1629 1533 1677 facere,
1563 1632 1626 1683 qui
1647 1633 1717 1672 ista

124 1704 171 1729 ex
190 1696 227 1727 tc
247 1703 425 1741 quaeram,
456 1695 532 1727 tam
559 1690 687 1740 procul
715 1690 951 1742 praesertim:
981 1696 1021 1728 tu
1041 1691 1142 1729 enim
1162 1693 1262 1730 solus
1283 1693 1364 1743 jam
1390 1707 1539 1746 superes
1564 1698 1714 1736 unicum

127 1767 243 1805 prope
262 1755 454 1792 oraculum
479 1755 729 1792 ecclesiarum.
786 1755 826 1792 Si
851 1756 896 1793 ad
922 1755 1113 1806 proximas
1139 1757 1324 1795 nundinas
1352 1759 1595 1810 rescripseris,
1626 1763 1716 1800 satis

125 1819 221 1858 erit:
254 1818 293 1855 id
319 1825 443 1856 autem
468 1825 509 1856 ut
534 1819 649 1856 facias
674 1832 903 1870 magnopere
929 1833 952 1857 a
980 1826 1016 1857 te
1046 1827 1146 1870 peto.
1201 1820 1357 1867 Iterum,
1383 1822 1591 1876 iterumque
1623 1827 1715 1872 vale,

126 1883 431 1921 reverendissime
467 1889 585 1934 pater,
623 1890 661 1921 et
694 1884 846 1922 domine
883 1883 922 1921 in
961 1883 1113 1922 Christo
1149 1885 1424 1925 colendissime.
1480 1888 1712 1937 Sarisberiae,

132 1949 180 1984 10
210 1948 353 1994 Martii,
384 1950 500 1986 1566.

755 2000 856 2038 Tuus
884 2000 923 2038 in
950 1999 1115 2048 Christo,

848 2087 1140 2128 JOHANNES
1168 2091 1192 2129 J
1201 2091 1420 2140 UELLUS,
1449 2094 1607 2148 Anglus.

666 2318 968 2361 EPISTOLA
1001 2320 1178 2364 LXXI.

276 2478 591 2510 LAURENTIUS
618 2479 916 2511 HUMFREDUS
946 2482 1007 2512 ET
1032 2481 1234 2513 THOMAS
1257 2481 1480 2513 SAMPSON
1500 2483 1569 2514 AD

595 2541 857 2575 HENRICUM
887 2544 1259 2576 BULLINGERUM.

211 2611 308 2650 CUM
343 2611 542 2662 diligentia
570 2618 648 2657 tua,
677 2613 877 2651 clarissime
896 2614 962 2659 vir,
990 2614 1028 2651 in
1052 2614 1246 2652 scribendo
1274 2614 1382 2652 nobis
1407 2614 1605 2665 probatur;
1636 2622 1714 2654 tum

131 2690 218 2714 vero
238 2690 285 2714 ex
310 2676 425 2713 literis
450 2676 522 2713 illis
547 2676 697 2727 quidem
719 2676 1001 2716 humanissimis
1023 2678 1250 2716 incredibilis
1275 2684 1360 2716 tuus
1387 2693 1478 2730 erga
1503 2693 1574 2718 nos
1598 2693 1715 2726 amor,

132 2746 171 2778 et
195 2741 365 2779 ccclesiae
384 2746 524 2778 nostrae
552 2741 752 2791 singularis
781 2755 881 2789 cura,
910 2748 948 2780 et
974 2742 1188 2780 concordiae
1218 2743 1519 2782 ardentissimum
1551 2744 1716 2783 studium

131 2812 324 2857 apparent.
379 2804 624 2850 Quaestioncs
643 2805 785 2857 aliquot
804 2806 972 2845 misimus
997 2807 1128 2858 pietati
1148 2813 1237 2853 tuae,
1258 2807 1297 2845 in
1317 2808 1451 2859 quibus
1468 2808 1525 2846 vis
1550 2815 1588 2846 et
1611 2810 1716 2860 quasi

131 2869 244 2907 cardo
276 2869 390 2907 totius
417 2870 683 2908 controversiae
716 2871 789 2908 sita
817 2885 898 2909 esse
923 2872 1136 2909 videbatur:
1176 2871 1309 2923 quibus
1346 2879 1402 2911 est
1438 2886 1460 2910 a
1491 2873 1629 2923 pietate
1654 2879 1719 2911 tua

131 2939 303 2972 accurate
334 2947 578 2985 responsum;
617 2935 727 2974 nobis
760 2942 899 2983 tamen,
937 2936 1036 2988 quod
1069 2936 1169 2974 bona
1198 2949 1282 2974 011111
1311 2937 1421 2975 venia
1451 2943 1515 2975 tua
1545 2937 1716 2982 dicimus,

131 3010 209 3035 non
239 3004 297 3036 est
324 2998 434 3049 plene
464 2998 705 3038 satisfactum.
