1845 3233
172 138 226 179 68
705 153 911 179 JOHANNES
944 153 959 177 ,1
969 150 1114 176 UELLUs
1583 134 1725 191 [Effls'r.

171 279 278 316 quam
308 267 428 310 velim,
463 274 583 304 tamen
612 268 752 318 quoties
782 268 927 305 occasio
959 268 1080 317 aliqua
1112 266 1276 310 offertur,
1302 279 1347 302 110
1374 265 1444 302 1100
1475 265 1622 315 quidem
1647 265 1727 302 offi-

169 329 265 366 cium
296 330 510 367 intermitto.
565 332 681 368 Binas
713 332 810 368 enim
840 331 924 367 dedi
952 344 1068 379 nuper
1094 331 1140 367 ad
1167 336 1205 366 te
1232 330 1367 374 literas,
1402 329 1533 366 alteras
1567 328 1727 366 Franco-

168 392 323 429 fordiam
348 394 392 430 ad
419 396 598 432 nundinas
623 395 790 437 Martias,
819 394 950 431 alteras
972 394 1097 430 statim
1125 407 1146 429 a
1172 393 1358 443 paschate.
1416 394 1513 437 Quae
1540 392 1569 429 si
1595 391 1727 434 adhuc,

170 460 209 491 ut
234 456 286 500 fit,
315 456 513 494 subsistant
539 459 631 496 forte
659 459 697 495 in
724 459 867 502 itinere⁷
897 463 1023 494 tamen
1049 457 1246 507 expedient
1276 471 1315 494 se
1342 457 1553 508 aliquando,
1580 461 1617 493 et
1645 468 1728 505 pos-

170 522 298 563 tremo,
324 520 376 556 uti
399 534 516 570 spero,
546 522 592 559 ad
621 528 657 559 te
683 522 908 572 pervenient.
965 521 1049 571 Ego
1077 521 1225 558 interim
1250 522 1295 558 de
1322 528 1359 558 te
1388 521 1566 571 cogitare,
1597 525 1634 556 et
1660 519 1726 556 110-

170 581 335 628 norifice,
359 590 399 620 ut
427 585 556 630 debeo,
590 586 633 622 de
666 592 702 622 te
733 585 831 635 loqui
862 598 1047 635 nunquam
1083 585 1224 623 desino.

247 646 305 682 De
331 648 480 685 Gallicis
505 650 610 686 rebus
635 650 681 687 ad
706 655 741 686 te
767 649 922 686 scribere
944 649 1016 686 1100
1041 655 1217 699 tempore,
1243 656 1339 687 esset
1363 649 1518 687 fortasse
1542 648 1728 699 putidum:

168 710 293 746 onmia
311 712 407 748 enim
429 714 475 750 ad
497 727 562 750 vos
585 714 696 750 etiam
723 714 801 750 sinc
823 713 943 750 ventis
969 719 1006 750 et
1026 713 1179 750 navibus
1205 714 1414 751 afferuntur.
1470 713 1728 750 Sanctissimus

169 772 260 809 nihil
281 775 462 825 relinquet
480 777 714 814 intentatum.
770 778 930 814 Flectere
948 779 981 813 sz'
998 782 1158 826 ‘nequeat
1182 791 1346 826 superos,
1367 779 1584 814 Acheronta
1609 789 1728 813 more-

168 838 242 873 bit.-
269 839 368 875 videt
392 840 490 877 enim
509 841 586 890 jam
605 854 680 878 non
706 842 768 891 agi
787 842 831 878 de
850 842 1021 885 reduviis,
1041 842 1106 878 sed
1124 842 1169 879 de
1187 842 1262 879 vita
1279 848 1316 879 et
1333 843 1525 892 sanguine.
1574 841 1729 878 Utinam

169 913 215 937 ne
239 903 354 939 nostri
377 916 457 940 sese
479 904 665 954 patiantur
687 906 958 943 circumveniri!
1016 906 1102 943 Dux
1128 906 1324 951 Guisanus,
1346 912 1400 951 ut,
1418 905 1546 942 neseio
1569 918 1642 955 qua
1664 917 1728 955 spe

167 965 402 1003 moderandae
427 968 615 1018 religionis
640 975 677 1006 et
696 969 919 1019 recipiendae
946 969 1202 1007 Confessionis
1221 969 1469 1020 Augustanae,
1489 975 1652 1006 moratus
1675 974 1731 1006 est

166 1028 348 1080 principes
378 1031 601 1077 Germaniae,
635 1046 682 1070 ne
715 1046 753 1070 se
783 1034 1028 1071 admiscerent
1058 1034 1142 1071 huic
1172 1034 1295 1078 bello;
1329 1035 1383 1072 ita
1411 1034 1582 1071 omnibus
1611 1034 1729 1070 modis

166 1094 379 1142 persuadere
407 1102 560 1132 conatus
588 1103 644 1133 est
670 1097 812 1147 reginae
839 1104 991 1143 nostrae,
1014 1111 1091 1136 non
1114 1098 1178 1149 agi
1199 1112 1297 1136 nunc
1325 1099 1363 1135 in
1391 1098 1512 1136 Gallia
1535 1098 1729 1148 negotium

164 1157 373 1206 religionis;
407 1172 486 1196 esse
511 1160 743 1197 manifestam
771 1162 1078 1211 conjurationem,
1108 1176 1255 1200 causam
1283 1176 1362 1200 esse
1386 1163 1498 1213 regis,
1528 1162 1587 1200 eui
1613 1161 1727 1207 illam,

165 1234 248 1257 cum
275 1222 419 1271 regium
448 1224 568 1261 10011111
597 1231 731 1270 teneat,
761 1239 837 1263 non
865 1232 1037 1277 oporteat
1065 1226 1258 1264 adversari.
1325 1227 1471 1264 Interea
1498 1226 1537 1263 id
1570 1226 1660 1276 egit,
1682 1231 1728 1264 ,ut

166 1285 286 1334 neptis
325 1299 402 1332 sua,
445 1289 574 1338 regina
616 1289 769 1334 Scotiae,
807 1291 962 1328 ambiret
998 1291 1154 1341 gratiam
1195 1297 1304 1341 atque
1345 1291 1545 1328 amicitiam
1585 1291 1727 1341 reginae

167 1355 318 1393 nostrae,
350 1357 387 1387 ct
416 1354 633 1390 munuscula
660 1354 835 1400 mitteret,
864 1361 902 1391 et
929 1356 1058 1393 nescio
1088 1369 1178 1406 quas
1205 1356 1294 1392 fides
1324 1356 1447 1392 daret:
1481 1356 1572 1392 velle
1597 1367 1636 1392 se
1660 1354 1728 1391 hac

167 1418 299 1450 aestate
329 1413 478 1452 honoris
509 1430 617 1454 causa
646 1418 767 1455 venire
796 1420 834 1455 in
866 1419 1068 1470 Angliam;
1108 1426 1144 1457 et
1177 1424 1357 1457 aeternum
1390 1419 1566 1457 amicitiae
1594 1419 1727 1463 foedus,

168 1477 265 1526 quod
294 1490 480 1529 nunquam
510 1488 639 1530 postea
669 1483 824 1520 convelli
852 1485 984 1534 possit,
1012 1485 1103 1522 velle
1135 1484 1286 1521 sancire..
1344 1484 1451 1520 Misit
1481 1497 1524 1520 ea
1555 1483 1729 1520 adaman-

166 1546 240 1577 tem
270 1542 421 1579 maximi
452 1545 568 1594 pretii,
605 1560 791 1596 gemmam
823 1548 1120 1599 pulcherrimam,
1152 1548 1314 1598 undique
1346 1547 1520 1584 vestitam
1554 1560 1654 1593 auro,
1692 1555 1729 1585 et

169 1607 462 1644 commendatam
500 1609 651 1659 pulchro
686 1617 723 1647 et
759 1611 922 1661 eleganti
956 1613 1130 1650 carmine.
1188 1612 1290 1658 Quid
1325 1612 1490 1662 quaeris?
1546 1612 1731 1649 Putabant

168 1668 309 1706 festivis
341 1671 542 1722 colloquiis,
578 1680 614 1710 et
642 1675 911 1720 venationibus,
946 1682 984 1714 et
1012 1677 1214 1722 blanditiis,
1245 1677 1388 1714 animos
1419 1682 1565 1714 nostros
1598 1677 1730 1714 abduci

169 1732 276 1769 facile
301 1746 408 1783 posse
436 1749 458 1771 a
485 1737 637 1787 strepitu
664 1739 810 1785 bellico,
840 1747 876 1777 et
903 1741 1100 1791 consopiri.
1157 1742 1303 1779 Interea
1328 1741 1459 1791 regina
1482 1746 1619 1786 nostra,
1645 1755 1728 1778 cum

168 1796 389 1834 subodorata
416 1806 513 1836 esset
538 1814 614 1838 rem
643 1816 804 1849 omnem,
834 1810 872 1841 et
899 1805 987 1855 quid
1011 1812 1183 1856 ageretur
1207 1806 1442 1856 intelligeret,
1469 1804 1605 1856 (neque
1629 1806 1729 1842 enim

170 1858 207 1896 id
237 1866 313 1897 erat
338 1862 431 1899 adeo
459 1863 638 1915 difficile,)
668 1873 807 1905 mutare
830 1870 1023 1907 consilium
1053 1870 1099 1907 de
1126 1870 1367 1920 profectione,
1395 1884 1417 1907 a
1438 1869 1612 1906 Guisanis
1638 1883 1729 1919 pau-

168 1922 269 1960 latim
293 1924 454 1970 alienari,
483 1933 520 1964 et
542 1929 588 1965 ad
617 1930 821 1981 principem
848 1932 1086 1971 Condensem
1115 1948 1191 1971 non
1218 1934 1370 1971 obscure
1397 1934 1587 1971 inclinare.
1632 1934 1730 1971 Tulit

168 1986 205 2022 id
235 1988 415 2026 Guisanus
444 1991 607 2042 indigne,
642 1995 796 2032 consilia
826 2010 891 2034 sua
922 2011 997 2035 non
1031 1998 1251 2049 procedere3
1287 1998 1430 2048 accepit
1462 1998 1730 2035 contumeliose

170 2050 332 2100 legatum
361 2059 538 2099 nostrum,
567 2059 759 2107 proposuit
786 2061 907 2098 edicta
934 2062 1091 2112 publice,
1119 2062 1285 2112 reginam
1316 2061 1468 2112 Angliae
1497 2062 1648 2099 insidias
1675 2063 1729 2100 fa-

170 2128 251 2152 cere
282 2129 398 2166 regno
428 2118 638 2167 Galliarum,
668 2128 705 2159 et
738 2125 852 2161 solam
887 2126 980 2163 istos
1009 2127 1187 2163 tumultus
1219 2127 1436 2164 concitasse.
1494 2125 1572 2162 Ista
1602 2127 1729 2177 regina

170 2184 296 2215 nostra
321 2181 500 2229 patienter
526 2184 618 2222 ferre
646 2199 721 2223 non
747 2189 880 2238 potuit,
905 2203 974 2227 nec
1000 2204 1088 2228 sane
1113 2190 1249 2228 debuit.
1306 2190 1440 2227 Statim
1467 2195 1589 2239 aperte
1608 2204 1731 2240 agere,

172 2243 343 2292 legatum,
365 2245 416 2281 uti
441 2246 562 2291 audio,
581 2261 763 2295 revocare,
789 2252 944 2290 militem
972 2255 1140 2301 scribere,
1162 2255 1316 2291 navibus
1341 2254 1522 2299 omnibus,
1547 2254 1731 2291 undecun-

172 2319 241 2355 que
271 2313 379 2357 atque
404 2309 608 2361 ubicunque
635 2320 768 2359 essent,
799 2322 836 2352 et
865 2317 938 2354 suis
966 2323 1004 2354 et
1027 2318 1157 2355 alienis
1176 2319 1256 2356 vela
1282 2319 1423 2363 tollere,
1449 2331 1496 2355 ne
1524 2318 1604 2368 quis
1632 2319 1731 2355 exire

171 2376 308 2417 posset,
339 2378 376 2408 et
406 2374 492 2423 quid
525 2382 693 2424 ageretur
724 2380 903 2418 nuntiare.
973 2382 1007 2419 O
1041 2383 1071 2419 si
1104 2396 1148 2420 ea
1178 2383 1217 2420 id
1248 2388 1356 2419 antea
1387 2382 1506 2419 facere
1539 2382 1727 2421 voluisset.

174 2439 238 2469 aut
269 2435 298 2470 si
327 2448 423 2473 nunc
449 2438 631 2488 principes
661 2441 870 2480 Germaniae
895 2444 967 2482 hoc
995 2447 1204 2496 exemplum
1233 2446 1336 2496 sequi
1359 2446 1515 2483 vellent!
1572 2446 1730 2483 Facilius

175 2502 212 2531 et
250 2497 381 2534 minori
415 2501 558 2549 jactura
603 2506 791 2554 sanguinis
836 2508 1027 2546 christiani
1064 2516 1145 2548 tota
1182 2524 1239 2548 res
1279 2515 1406 2561 posset
1447 2509 1612 2559 transigi.
1682 2511 1730 2548 Et

178 2558 323 2626 Regina
347 2563 490 2611 quidem
521 2566 621 2604 misit
643 2568 713 2606 hoc
737 2575 900 2620 tempore
922 2573 960 2609 in
990 2574 1226 2611 Germaniam
1256 2575 1303 2611 ad
1330 2574 1534 2625 principes;
1568 2580 1605 2610 et
1633 2587 1729 2611 nunc

178 2634 215 2657 111
243 2623 325 2659 aula
349 2624 489 2674 legatus
519 2643 539 2666 a
569 2630 743 2676 Guisano,
770 2646 852 2670 011111
882 2636 1000 2681 novis,
1026 2644 1067 2674 ut
1096 2638 1238 2688 opinor,
1265 2638 1465 2683 blanditiis,
1492 2644 1532 2675 ut
1560 2651 1627 2675 nos
1651 2651 1728 2675 mo-

174 2690 272 2721 retur
295 2692 331 2722 et
357 2687 540 2737 impediat.
596 2694 667 2731 Sed
690 2708 766 2732 non
791 2697 842 2733 ita
866 2699 934 2735 erit
956 2700 1074 2746 facile,
1101 2715 1220 2751 spero,
1240 2702 1430 2752 imponere
1456 2702 1669 2739 videntibus.

255 2749 328 2785 Res
364 2751 497 2789 8001110
534 2755 578 2791 (10
612 2757 792 2807 religione
822 2762 913 2798 satis
950 2770 1035 2801 sunt
1066 2771 1222 2814 pacatae.
1290 2766 1436 2815 Regina
1471 2765 1549 2803 sola
1580 2765 1730 2802 missam

177 2824 280 2881 suam
309 2814 440 2851 retinet
467 2817 590 2855 invitis
619 2822 800 2860 omnibus.
858 2825 1084 2865 Incredibilis
1108 2829 1179 2866 fuit
1201 2829 1271 2867 1100
1298 2843 1397 2867 anno
1427 2835 1508 2867 toto
1538 2829 1636 2880 apud
1663 2842 1731 2866 nos

177 2875 261 2911 coeli
289 2882 397 2926 atque
426 2880 518 2916 aeris
550 2882 793 2935 intemperies.
850 2888 928 2926 Nec
960 2892 1027 2937 sol,
1061 2906 1128 2930 nec
1160 2894 1257 2937 luna,
1291 2906 1359 2930 1100
1388 2893 1530 2943 hyemS,
1563 2906 1630 2930 nec
1657 2906 1731 2935 ver,

178 2951 246 2976 nec
272 2945 393 2986 105105,
421 2956 488 2982 1100
517 2951 724 2995 autumnus,
751 2951 928 2990 satisfecit
953 2955 1114 2994 officium
1143 2969 1258 2994 suum.
1317 2957 1377 2995 Ita
1405 2957 1545 2994 affatim
1574 2962 1612 2994 et
1639 2969 1733 3007 pene
