1845 3233
92 124 232 181 xxm]
399 141 610 167 sonANNEs
640 140 810 167 sumnus
843 141 897 165 An
931 139 1093 166 PETRUM
1126 139 1366 165 MARTYREM.
1616 127 1673 168 39

617 299 917 342 EPISTOLA
948 299 1138 343 XXIX.

294 465 549 498 JOHANNES
579 467 793 500 JUELLUS
823 469 891 499 AD
922 466 1121 499 PETRUM
1153 463 1450 496 MARTYREM.

165 552 202 590 S.
236 552 308 591 PL.
363 553 398 591 O
432 554 485 591 mi
517 560 634 605 pater,
667 555 756 605 quid
788 567 862 604 ego
894 553 942 591 ad
974 559 1012 590 te
1045 552 1234 591 scribam?
1289 551 1361 589 Rei
1392 563 1470 588 non
1503 549 1661 586 multum

84 621 154 661 est,
173 617 352 668 temporis
371 631 458 655 vero
483 619 602 656 multo
625 619 759 657 minus.
816 619 888 656 Sed
906 618 1082 669 quoniam
1107 623 1144 654 te
1168 617 1247 654 scio
1269 615 1443 654 delectari
1469 614 1661 659 brevitate,

82 686 120 717 te
140 687 289 720 auctore
308 682 466 720 scribam
491 683 650 721 brevius.
707 683 818 721 Nunc
838 683 942 721 ardet
966 683 1010 719 lis
1034 682 1098 719 illa
1116 680 1329 719 crueularia.
1381 679 1456 717 Vix
1474 678 1601 716 credas
1621 679 1656 715 in

82 758 121 782 re
151 744 252 782 fatua
274 752 454 796 quantum
483 746 665 792 homines,
694 748 756 799 qui
780 747 919 798 aliquid
942 760 1071 797 sapere
1090 746 1324 790 videbantur,
1342 743 1542 781 insaniant.
1599 743 1655 780 Ex

83 809 169 855 illis,
204 823 297 860 quos
335 811 482 861 quidem
516 818 555 849 tu
591 812 704 857 noris,
740 818 875 862 praeter
911 811 1062 849 Coxum
1093 810 1215 848 nullus
1252 814 1320 846 est.
1388 806 1563 845 Crastino
1599 807 1657 844 die

82 873 297 912 instituetur
322 875 367 912 de
394 889 439 912 ea
470 889 508 913 re
538 877 750 927 disputatio.
804 876 945 914 Arbitri
976 881 1082 913 erunt
1115 888 1161 912 ex
1189 879 1320 911 senatu
1349 871 1477 909 selecti
1508 871 1657 922 quidam

81 938 160 975 viri.
217 938 376 977 Actores
402 940 489 978 inde
515 940 796 978 Cantuariensis
821 947 859 978 et
882 940 1034 984 Coxus;
1063 938 1149 977 hinc
1173 937 1382 976 Grindallus
1408 936 1658 974 Londinensis

81 1003 279 1054 episcopus
315 1010 353 1041 et
389 1018 474 1054 ego.
534 1005 702 1042 Eventus
736 1004 773 1042 ἐν
809 1005 942 1056 κριτῶν
977 1003 1127 1051 γούνασι
1165 1007 1293 1039 κεῖται.
1367 1001 1487 1038 Rideo
1518 1006 1656 1041 tamen,

79 1080 165 1104 011111
198 1068 340 1118 cogito,
370 1069 503 1119 quibus
531 1069 584 1107 illi
612 1075 649 1106 et
677 1083 789 1119 quam
819 1068 992 1119 gravibus
1020 1073 1057 1104 ct
1084 1066 1212 1103 solidis
1240 1065 1445 1103 rationibus
1472 1064 1654 1102 defensuri

81 1130 157 1168 sint
198 1145 303 1169 suain
346 1134 543 1170 cruculaln.
613 1132 684 1169 Sed
726 1133 902 1183 quiequid
943 1132 1024 1176 erit,
1069 1130 1227 1168 scribam
1269 1129 1426 1180 posthac
1463 1129 1651 1180 pluribus3

81 1208 180 1233 nune
217 1196 317 1234 enim
347 1198 415 1234 sub
447 1197 570 1247 judice
600 1197 644 1234 lis
676 1203 756 1234 est:
803 1202 941 1241 tamen,
976 1201 1156 1246 quantum
1189 1207 1362 1244 auguror,
1393 1207 1469 1230 non
1497 1193 1652 1231 scribam

77 1259 234 1309 posthac
271 1261 316 1297 ad
350 1266 387 1298 te
423 1261 631 1311 episcopus.
698 1261 757 1298 Eo
794 1261 893 1298 enim
924 1261 1002 1310 jam
1038 1273 1095 1297 res
1132 1258 1310 1309 pervenit,
1348 1263 1389 1295 ut
1429 1263 1493 1294 aut
1528 1271 1654 1295 cruces

76 1329 270 1372 argenteae
301 1329 339 1361 et
372 1330 556 1370 stanneae,
590 1338 680 1375 quas
713 1338 782 1362 nos
818 1325 953 1375 ubique
986 1323 1251 1373 confregimus,
1286 1322 1531 1360 restituendae
1568 1322 1654 1365 sint,

75 1392 141 1423 aut
172 1388 410 1438 episcopatus
438 1389 684 1439 relinquendi.

156 1451 215 1488 De
244 1451 473 1490 Frenshamo
506 1458 647 1498 nostro,
680 1453 780 1503 quod
805 1453 909 1490 illum
937 1453 991 1490 ita
1020 1451 1229 1490 humaniter
1257 1450 1440 1495 tractaris,
1473 1463 1547 1501 ago
1573 1450 1654 1493 tibi,

76 1516 127 1552 mi
163 1522 282 1567 pater,
318 1531 410 1568 quas
443 1517 560 1555 debeo
592 1517 745 1568 gratias.
801 1517 995 1555 Mortuum
1025 1529 1071 1554 ex
1097 1516 1172 1553 tuis
1199 1514 1316 1552 literis
1343 1514 1502 1565 primum
1530 1513 1653 1551 didici.

76 1581 134 1618 De
167 1582 248 1632 ejus
282 1582 454 1632 pecunia,
490 1595 601 1633 quam
634 1582 800 1619 moriens
831 1582 980 1632 reliquit
1017 1580 1162 1631 Tiguri‚
1201 1579 1290 1630 quid
1323 1579 1481 1616 scribam
1514 1579 1654 1616 nescio.

74 1645 208 1696 Neque
231 1646 332 1683 enim
361 1659 434 1696 ego
465 1652 732 1684 testamentum
761 1647 841 1697 ejus
870 1660 1032 1697 unquam
1061 1645 1151 1691 vidi,
1181 1650 1219 1682 et
1239 1643 1482 1694 Randolphus
1513 1649 1653 1687 noster,

73 1710 137 1760 qui
164 1710 267 1756 vidit,
297 1717 355 1748 est
379 1724 480 1748 nunc
506 1712 545 1748 in
575 1711 716 1749 Seotia.
770 1712 926 1756 Tamen,
952 1712 983 1748 si
1012 1710 1101 1762 quid
1127 1710 1209 1755 erit,
1236 1723 1309 1759 ego
1334 1708 1506 1746 omnibus
1533 1707 1654 1745 modis

72 1775 281 1812 consultum
312 1775 422 1826 cupio
448 1788 534 1812 meo
562 1775 675 1814 Julio.
730 1775 857 1826 Atque
885 1775 969 1821 hoe,
1009 1787 1151 1826 quaeSO,
1181 1774 1235 1811 1111
1264 1773 1436 1823 significa
1467 1785 1553 1809 meo
1586 1786 1654 1809 no·

73 1839 186 1884 mine,
221 1846 263 1877 ut
299 1840 330 1876 si
358 1839 447 1891 quid
475 1845 543 1884 est,
572 1840 669 1890 quod
698 1840 949 1878 Frenshamus
977 1853 1051 1877 non
1081 1839 1217 1889 legarit
1246 1837 1484 1883 nominatim,
1517 1837 1650 1887 partim

72 1902 213 1952 aliquid
250 1904 348 1953 apud
386 1916 425 1940 se
465 1904 637 1948 retineat,
678 1909 716 1941 et
758 1905 795 1942 in
832 1918 876 1942 ea
914 1917 967 1951 re,
1004 1902 1086 1940 κατ’
1117 1900 1343 1953 Ἀλκόξονον
1379 1907 1497 1947 tuum,
1531 1906 1655 1938 utatur

67 1967 212 2016 judicio
241 1981 321 2005 suo.

153 2031 185 2068 E
215 2031 340 2069 Scotia
367 2033 466 2069 varia
497 2033 734 2078 nunciantur,
762 2039 800 2070 et
826 2034 953 2070 omnia
978 2033 1069 2070 satis
1096 2033 1196 2069 laeta.
1254 2031 1370 2082 quue
1396 2031 1487 2068 satis
1506 2030 1554 2067 sit
1582 2029 1651 2068 1101·

71 2102 241 2146 tempore
268 2109 343 2133 11110
369 2097 481 2134 verbo
507 2097 759 2147 significasse:
797 2097 918 2135 adhuc
940 2097 1040 2134 0111111
1066 2097 1112 2133 de
1142 2096 1251 2134 rebus
1281 2095 1436 2145 singulis
1470 2095 1650 2145 explorati

72 2159 165 2197 nihil
192 2159 323 2198 habeo.
382 2160 462 2198 Nos
490 2173 649 2210 magnas
679 2161 806 2211 copias
834 2161 1016 2199 habemus
1042 2161 1080 2198 in
1109 2160 1267 2205 finibus;
1303 2166 1341 2197 et
1367 2165 1464 2196 terra
1484 2159 1649 2210 marique

71 2225 196 2263 Scotis
222 2225 402 2262 auxilium
432 2224 593 2262 ferimus.
648 2224 755 2262 Crito
782 2225 919 2276 hospes
951 2232 1050 2271 tuus,
1081 2231 1119 2262 et
1152 2226 1230 2275 ejus
1259 2237 1384 2261 eomes
1418 2222 1649 2274 Pamphilus,

70 2302 148 2327 11011
179 2294 339 2326 stertunt
370 2295 470 2326 totas
499 2295 641 2327 noctes.
698 2290 811 2327 Venit
832 2290 893 2326 ille
921 2289 1091 2327 Athenas
1119 2289 1297 2334 insolens,
1330 2294 1367 2325 et
1396 2288 1536 2338 placuit
1560 2289 1648 2339 Gly-

68 2351 182 2389 cerio.
237 2351 379 2389 Nosti?
434 2352 507 2388 Sed
539 2352 628 2402 quid
654 2351 752 2400 ago?
793 2351 976 2388 destituor
1010 2358 1189 2401 tempore,
1226 2357 1264 2388 et
1304 2351 1438 2387 obruor
1470 2351 1646 2399 negotiis,

68 2422 106 2452 et
133 2416 269 2453 invitus
299 2429 414 2465 cogor
441 2416 554 2453 finem
586 2416 718 2453 faeere.
778 2415 920 2453 Tamen
947 2415 1019 2453 1100
1053 2416 1145 2453 scire
1173 2416 1298 2459 dobes,
1328 2415 1459 2453 Vitum
1487 2415 1644 2453 amicum

67 2487 173 2518 tuum
204 2494 404 2525 summum,
434 2487 471 2518 et
500 2481 715 2531 popularem
746 2480 962 2530 episcopum
989 2480 1285 2525 vintoniensem,
1309 2485 1347 2516 et
1373 2479 1644 2530 Oglethorpuln

69 2545 362 2590 Carlcolensem,
381 2551 420 2582 et
446 2545 603 2582 Bainum
625 2543 952 2589 Lichefildensem,
971 2551 1009 2581 et
1029 2544 1263 2582 Tonstallum
1285 2545 1484 2582 Saturnum
1504 2545 1646 2582 Dunel-

66 2622 249 2654 mensem,
285 2616 372 2647 ante
409 2609 552 2659 aliquot
589 2609 668 2646 dics
703 2622 783 2646 esse
821 2614 1001 2646 mortuos.
1065 2608 1267 2646 Samsonus
1297 2622 1380 2647 rure
1416 2609 1496 2659 agit
1532 2610 1646 2660 long-‹-

65 2674 248 2723 gentium,
285 2673 534 2712 Parkhurstus
564 2673 603 2711 in
637 2687 756 2723 regno
793 2686 874 2710 suo.
938 2672 1069 2724 Itaque
1106 2673 1238 2710 mirum
1267 2673 1383 2711 videri
1413 2686 1491 2711 non
1523 2674 1647 2717 debet,

66 2738 98 2775 si
130 2739 177 2776 ad
207 2752 272 2776 vos
303 2739 467 2777 scribant
496 2738 777 2788 infrequentius-

145 2803 283 2848 Saluta,
316 2816 459 2853 quaeso,
494 2802 843 2840 reverendissimum
883 2808 1039 2852 patrem,
1076 2802 1124 2840 D.
1165 2802 1437 2853 Bullingerum,
1476 2803 1524 2841 D.
1555 2803 1646 2840 Ber-

65 2866 274 2913 nardinum,
303 2868 351 2906 D.
372 2867 588 2918 Volphium,
610 2867 658 2904 D.
682 2867 961 2913 Hermannum,
984 2873 1023 2904 et
1047 2867 1069 2904 J
1074 2867 1203 2912 ulium,
1224 2867 1271 2904 ad
1297 2881 1389 2918 quos
1418 2881 1490 2917 ego
1515 2881 1645 2906 omnes·

64 2931 226 2970 libenter
251 2932 449 2970 scriberem
478 2931 550 2970 hoe
582 2939 765 2984 ternpore,
791 2932 822 2970 si
850 2938 949 2971 esset
980 2933 1111 2971 otium.
1169 2933 1299 2971 Saluta
1331 2933 1513 2984 optimam
1545 2933 1645 2970 illam
