1845 3233
163 139 187 177 8
734 143 937 171 JOHANNES
970 142 984 167 ,1
992 140 1140 167 UELLUs
1573 122 1718 178 [EPIST-

161 264 360 306 admonuit,
386 270 425 300 ut
444 275 570 299 omnes
598 261 668 298 1100
693 267 866 310 tanquam
896 256 1069 307 quiddam
1090 255 1137 291 de
1160 254 1267 291 dictis
1286 254 1499 291 melioribus
1519 254 1720 304 diligenter

161 329 388 365 attenderent
413 332 521 375 atquc
539 330 771 368 annotarent,
797 321 987 372 apostolos
1006 320 1051 355 ab
1077 318 1183 354 initio
1202 318 1254 354 ita
1272 317 1370 354 inter
1387 331 1469 355 sese
1487 318 1717 355 distribuisse

161 404 300 441 operas,
331 396 369 426 ut
397 390 458 426 alii
481 389 629 426 orientis
656 386 829 424 ecelesias
851 385 1100 427 instituerent,
1127 381 1187 418 alii
1215 381 1432 418 occidentis.
1488 381 1620 432 Itaque
1648 382 1717 419 Pe-

162 462 253 490 trum
283 460 319 490 et
349 453 500 490 Paulum
532 452 569 488 in
602 452 768 488 Romana
795 447 961 491 ecclesia,
1000 458 1083 496 quae
1111 450 1229 482 totam
1260 458 1376 495 prope
1410 445 1597 496 Europam
1629 458 1717 483 con-

162 518 305 560 tineret,
343 517 468 553 omnia
500 516 669 552 Romano
704 525 885 555 sermone,
923 510 993 547 hoc
1030 515 1098 554 est,
1136 508 1270 545 Latine
1307 509 1499 546 docuisse:
1555 510 1718 560 reliquos

162 581 348 630 apostolos
366 580 402 616 in
423 579 562 616 oriente
587 578 689 614 nullo
714 588 878 626 unquam
902 573 976 611 alio
1005 585 1175 609 sermone
1201 585 1287 609 usos
1311 573 1439 618 fuisse,
1469 573 1540 610 nisi
1569 574 1717 611 Graeco.

161 645 192 681 Τ
196 657 217 680 11
236 644 388 680 fortasse
406 643 476 679 ista
493 642 610 679 rides:
642 640 744 690 atqui
769 653 842 689 ego
867 637 1052 674 neminem
1078 635 1203 672 audivi
1228 649 1405 687 unquam,
1436 637 1499 687 qui
1528 637 1719 675 solennius

161 714 197 743 et
217 706 463 756 magistratius
482 705 668 742 insaniret.
724 703 762 740 Si
782 702 960 739 adfuisset
982 700 1103 738 Julius
1121 706 1261 746 noster,
1293 701 1434 738 centies
1461 702 1718 747 exclamasset,

163 770 271 807 Poll!
305 771 439 806 horson
472 771 600 807 lcnave.
655 768 793 806 Verum
830 766 890 802 ille
922 765 1019 802 inter
1051 764 1124 801 alia
1155 763 1249 801 nihil
1283 764 1421 801 veritus
1453 771 1510 802 est
1544 766 1721 816 mysteria

161 834 242 883 ipsa
257 839 293 869 et
313 833 512 883 penetralia
536 838 644 882 atque
660 832 771 881 adyta
785 830 938 880 prodere
957 828 1148 878 religionis
1167 840 1255 865 suae.
1311 829 1401 866 Non
1420 829 1519 866 enim
1539 830 1722 867 dubitavit

162 897 319 945 graviter
342 902 379 933 et
398 897 493 934 serio
517 909 679 939 monere,
705 894 851 932 etiamsi
874 893 947 930 alia
975 892 1101 929 omnia
1124 892 1285 929 maxime
1309 893 1564 939 convenirent,
1593 900 1719 930 tamen

161 972 233 996 non
264 961 446 1010 expedire,
476 966 517 997 ut
542 959 712 1010 populus,
743 958 831 1008 quid
859 957 898 994 in
927 956 1040 994 sacris
1067 962 1213 1006 agatur,
1246 956 1442 1007 intelligat.
1499 957 1722 1007 Ignorantia

161 1023 270 1069 enim,
303 1024 433 1074 inquit,
463 1029 581 1060 mater
607 1028 663 1060 cst
686 1034 784 1059 verze
807 1021 969 1072 pietatis,
1004 1033 1115 1070 quam
1146 1020 1209 1057 ille
1241 1021 1441 1071 appellavit
1467 1022 1718 1059 devotionem.

160 1087 193 1122 0
213 1087 369 1136 mystica
395 1101 497 1125 sacra
519 1093 628 1137 atque
651 1092 851 1137 opertanea
877 1086 990 1122 bonae
1016 1085 1121 1121 deae!
1180 1085 1281 1129 Quid
1305 1090 1346 1122 tu
1363 1098 1423 1122 me
1442 1092 1551 1137 putas
1568 1086 1718 1124 interim

160 1150 205 1187 de
231 1150 342 1188 Cotta
365 1151 539 1201 pontifice
563 1150 777 1199 cogitasse?
834 1149 921 1187 Hoc
939 1149 1114 1186 videlicet
1137 1148 1228 1186 illud
1254 1156 1323 1194 est,
1352 1149 1392 1186 in
1417 1150 1548 1200 spiritu
1572 1156 1610 1187 et
1628 1150 1722 1188 veri-

158 1220 232 1251 tate
251 1215 417 1266 adorare)
473 1216 587 1253 Mitto
606 1215 689 1252 alia.
746 1213 842 1251 Cum
866 1214 928 1251 ille
948 1213 1028 1263 jam
1047 1212 1323 1258 calumniando,
1342 1213 1597 1258 convitiando,
1618 1227 1722 1251 men-

157 1278 284 1315 tiendo
301 1291 473 1329 magnam
493 1285 635 1329 partem
661 1279 759 1315 illius
783 1278 974 1329 temporis,
1003 1277 1102 1328 quod
1121 1277 1231 1315 nobis
1248 1277 1295 1314 ad
1314 1278 1574 1329 disputandum
1592 1278 1717 1316 datum

158 1348 245 1387 erat,
272 1343 490 1387 exemisset3
522 1355 591 1379 nos
615 1348 804 1393 postremo
822 1347 948 1379 nostra
965 1341 1289 1392 pronunciavimus
1319 1342 1365 1379 de
1399 1342 1535 1393 scripto
1563 1342 1616 1379 ita
1639 1355 1720 1380 mo—

160 1406 273 1451 deste,
299 1412 339 1442 ut
365 1419 442 1443 rem
469 1411 610 1442 tantum
640 1406 756 1456 ipsam
785 1405 1002 1450 diceremus,
1028 1404 1120 1442 nihil
1149 1411 1273 1443 autem
1303 1406 1523 1444 laederemus
1551 1407 1721 1445 adversa-

159 1470 273 1506 rium:
304 1476 490 1519 postremo
519 1471 571 1507 ita
598 1471 747 1508 dimissa
768 1477 825 1508 est
848 1470 1063 1520 disputatio,
1089 1475 1132 1506 ut
1149 1469 1212 1507 vix
1238 1470 1433 1521 quisquam
1459 1476 1558 1507 esset
1576 1470 1615 1508 in
1638 1476 1721 1508 toto

159 1532 220 1569 illo
249 1540 443 1579 conventu,
479 1548 527 1572 ne
553 1548 676 1572 comes
705 1535 854 1585 quidem
889 1533 1128 1585 Salopiensis,
1166 1533 1256 1584 quin
1285 1534 1477 1572 victoriam
1510 1534 1610 1571 illius
1646 1534 1717 1574 diei

159 1596 381 1646 adjudicaret
404 1598 521 1636 nobis.
576 1599 711 1636 Postea
729 1598 821 1636 inita
845 1604 901 1635 est
918 1598 1025 1643 ratio,
1045 1604 1086 1635 ut
1104 1598 1274 1649 proximo
1293 1598 1353 1635 die
1371 1599 1470 1636 lunae
1491 1598 1536 1635 de
1556 1599 1720 1637 secunda

159 1661 365 1709 quaestione
389 1662 517 1698 eodem
544 1663 655 1699 modo
681 1663 907 1707 diceremus;
939 1669 1053 1713 utque
1072 1662 1131 1699 die
1156 1662 1333 1699 Mercurii
1351 1675 1422 1700 nos
1440 1662 1587 1700 illorum
1610 1663 1720 1714 primi

159 1723 230 1760 diei
258 1725 484 1774 argumentis
509 1727 822 1776 responderemus,
851 1732 888 1764 et
914 1726 968 1763 illi
994 1726 1159 1763 vicissim
1185 1726 1333 1763 nostris.

240 1788 310 1825 Die
345 1789 453 1834 lunae,
488 1802 571 1826 011111
606 1790 777 1841 frequens
813 1791 1010 1828 multitudo
1042 1803 1089 1827 ex
1120 1790 1220 1827 omni
1252 1791 1448 1828 nobilitate
1479 1791 1721 1842 cupidissima

160 1851 327 1888 audiendi
365 1853 609 1898 convenisset,
651 1854 827 1905 episcopi,
864 1855 993 1893 nescio
1029 1855 1213 1905 pudoreve
1247 1855 1444 1906 superioris
1477 1855 1551 1892 diei
1582 1869 1629 1893 an
1658 1855 1720 1895 de-

159 1915 366 1964 speratione
383 1917 560 1962 victoriae,
576 1917 734 1968 primum
755 1919 1001 1968 tergiversari,
1019 1918 1154 1956 habere
1174 1932 1214 1955 se
1233 1919 1331 1969 quod
1356 1919 1523 1956 dicerent
1538 1920 1582 1956 de
1601 1919 1721 1970 prima

161 1979 377 2028 quaestione,
402 1994 471 2018 1100
494 1987 662 2031 oportere
683 1995 760 2019 rem
786 1982 837 2019 sic
863 1983 975 2020 abire.
1030 1983 1266 2033 Responsum
1286 1988 1343 2020 est
1361 1996 1383 2020 a
1401 1989 1543 2028 senatu,
1572 1984 1603 2020 si
1630 1983 1720 2034 quid

160 2040 347 2088 haberent,
366 2044 402 2080 id
421 2045 530 2082 tertio
549 2051 633 2095 post
651 2046 724 2091 die,
747 2052 857 2096 prout
875 2047 919 2084 ab
938 2047 1048 2084 initio
1067 2052 1304 2092 convenerat,
1325 2047 1444 2084 audiri
1463 2061 1596 2098 posse;
1620 2061 1720 2086 nunc

158 2105 229 2143 hoc
248 2107 369 2156 potius
387 2115 550 2158 agerent,
571 2122 663 2146 neve
686 2111 877 2148 turbarent
895 2111 1077 2148 ordinem.
1134 2111 1285 2161 Dejecti
1304 2111 1349 2149 de
1368 2111 1440 2149 1100
1460 2112 1577 2162 gradu
1595 2118 1721 2150 tamen

159 2168 228 2206 11110
253 2178 454 2216 evaserunt,
482 2173 512 2209 si
536 2173 730 2210 dicendum
755 2175 910 2212 omnino
935 2175 996 2220 sit,
1025 2175 1124 2212 nolle
1148 2189 1188 2212 30
1213 2175 1355 2225 priores
1381 2175 1523 2221 dicere;
1556 2189 1594 2213 se
1617 2176 1718 2215 enim

156 2232 194 2269 in
214 2235 445 2283 possessione
471 2236 696 2283 constitisse;
726 2250 807 2284 nos,
827 2238 858 2275 si
883 2239 971 2289 quid
987 2239 1180 2283 vellemus,
1205 2239 1317 2290 priori
1343 2240 1426 2277 loeo
1446 2241 1717 2291 experiremur:

158 2308 331 2345 magnam
363 2299 460 2336 enim
485 2313 524 2337 se
549 2300 708 2338 facturos
732 2302 904 2351 injuriam
931 2315 1054 2340 causae
1085 2316 1176 2348 suae,
1203 2304 1235 2340 si
1259 2309 1473 2355 paterentur
1497 2317 1567 2342 nos
1593 2310 1720 2356 poste-

157 2359 269 2396 riores
287 2361 471 2399 discedere
490 2377 572 2400 cum
592 2365 767 2415 applausu
785 2366 925 2416 populi,
956 2373 994 2404 et
1011 2368 1161 2405 aculeos
1179 2368 1360 2405 orationis
1384 2373 1526 2406 nostrae
1550 2375 1720 2407 recentes

158 2423 196 2459 in
227 2424 431 2463 auditorum
463 2428 594 2465 animis
628 2429 843 2479 relinquere.
900 2431 1058 2468 Senatus
1088 2438 1231 2476 contra,
1263 2431 1360 2468 hanc
1392 2432 1438 2469 ab
1466 2432 1576 2469 initio
1612 2431 1720 2470 insti-

156 2491 273 2523 tutam
296 2487 406 2525 fuissc
429 2490 621 2536 rationem,
650 2498 690 2529 ut
713 2493 777 2537 illi,
807 2495 906 2544 quod
930 2495 1110 2544 dignitate
1136 2496 1276 2547 priores
1298 2501 1434 2540 essent,
1467 2496 1580 2546 priori
1604 2496 1717 2533 etiam

159 2549 242 2585 loco
265 2550 448 2597 dieercnt;
479 2567 547 2591 1100
571 2568 651 2592 eam
675 2570 774 2594 nunc
796 2559 929 2596 mutari
949 2572 1079 2609 posse:
1111 2560 1236 2598 mirari
1260 2572 1348 2598 vero
1372 2573 1424 2604 se,
1458 2559 1547 2610 quid
1573 2559 1645 2597 hoc
1671 2560 1720 2599 sit

158 2613 334 2661 mysterii,
365 2628 445 2651 cum
472 2619 625 2656 omnino
648 2633 798 2658 necesse
818 2622 865 2659 sit
894 2623 1088 2661 alterutros
1110 2624 1251 2675 priores
1279 2624 1420 2667 dicere3
1454 2622 1592 2673 alioqui
1618 2624 1718 2662 enim

160 2675 246 2712 nihil
271 2690 379 2726 posse
403 2678 498 2717 dici:
530 2688 567 2718 et
591 2685 810 2731 praesertim,
830 2699 912 2723 cum
933 2686 1047 2724 Colus
1066 2688 1103 2724 in
1123 2688 1251 2738 primis
1270 2687 1585 2738 disputationibus
1604 2687 1717 2727 etiam

158 2739 327 2788 injussus,
360 2741 453 2779 ultro
489 2744 586 2794 prior
616 2747 662 2783 ad
694 2747 889 2786 dicendum
920 2750 1143 2800 prosiluerit.
1206 2752 1416 2796 Postremo,
1449 2763 1533 2788 cum
1565 2751 1719 2790 alterca*

156 2803 318 2839 tionibus
335 2817 470 2853 magna
487 2819 569 2856 pars
594 2811 771 2859 temporis
790 2817 955 2850 extracta
973 2820 1082 2860 esset,
1109 2828 1180 2852 nec
1205 2815 1372 2866 episcopi
1399 2815 1474 2852 ullo
1498 2820 1609 2866 pacto
1629 2828 1718 2852 con-

157 2865 283 2902 cedere
302 2867 434 2905 vellent
457 2870 501 2906 de
526 2873 685 2909 seeundo
711 2873 805 2919 loco,
834 2876 881 2912 ad
903 2882 1109 2915 extremum
1135 2878 1215 2916 sine
1240 2879 1492 2929 disputatione
1512 2879 1716 2917 discessum

155 2934 221 2965 est.
277 2930 332 2967 Ea
362 2944 447 2969 vero
470 2945 526 2971 res
566 2935 776 2975 incredibile
808 2938 909 2976 dictu
937 2947 993 2978 est
1029 2948 1208 2992 quantum
1241 2943 1471 2981 imminuerit
1501 2943 1715 2994 opinionem
