1845 3233
115 123 199 165 164
394 136 587 163 RICARDUS
620 137 745 163 COXUS
778 138 834 163 AD
866 137 1112 164 RODOLPHUM
1143 138 1402 164 GUALTERUM.
1545 121 1687 178 [EPIST-

113 251 355 290 recitantibus
389 252 513 302 pueris
541 265 691 289 manum
727 252 937 302 imponunt,
974 252 1254 303 Dominumque
1286 257 1485 302 precantur
1515 258 1556 289 ut
1589 251 1688 289 verbi

116 316 289 354 notitiam
319 321 358 353 et
384 316 562 365 pietatem
590 316 629 354 in
657 316 730 354 illis
757 330 895 367 augere
924 317 1111 367 dignetur.
1660 351 1661 354 ,

192 379 306 416 VIII.
362 378 587 424 Conciones,
608 393 694 430 quae
713 379 897 418 habentur
914 380 999 417 dum
1020 381 1158 418 mortui
1178 381 1420 431 sepeliuntur,
1441 393 1516 417 non
1536 379 1669 417 ferunt.

193 443 265 481 IX.
323 443 543 481 Lectionem
572 444 834 494 scripturarum
863 458 1049 483 sacrarum
1077 445 1116 482 in
1146 445 1304 483 ecclesia
1329 458 1407 482 non
1434 444 1571 482 ferunt.

190 518 276 556 Alia
290 524 474 569 praeterea
492 525 577 556 sunt
595 519 708 557 nimis
729 533 818 558 sane
838 520 976 572 inepta,
997 521 1130 572 quibus
1149 521 1237 558 nolo
1251 526 1290 558 te
1309 520 1447 557 diutius
1466 520 1633 557 detinere
1652 524 1690 556 et

114 583 232 622 taedio
250 583 363 622 nimis
382 584 595 635 importuno
613 584 782 635 fatigare.
831 585 978 623 Invidet
995 585 1104 623 nobis
1131 584 1272 622 Sathan
1290 585 1438 622 beatam
1456 583 1686 621 felicitatem.

114 647 203 686 Non
226 648 316 685 satis
346 654 403 685 est
428 648 594 699 papistas
620 648 756 686 habere
779 649 1019 695 adversarios,
1045 649 1117 687 nisi
1140 649 1351 686 excitentur
1378 661 1457 686 suae
1487 647 1689 685 sententiae

112 711 295 758 homines,
317 713 380 763 qui
399 710 585 764 α’λλαξὶαν
602 713 641 750 in
660 714 859 751 ecclesiam
875 714 1050 751 inducere
1070 719 1254 763 satagant.
1294 712 1421 751 Unum
1439 724 1536 762 pene
1551 711 1690 749 omise-

112 789 202 814 ram.
259 776 404 814 Prodiit
434 777 613 828 superiori
645 783 776 815 aestate
812 783 1064 815 monstrosum
1100 777 1275 815 volumen
1313 776 1505 827 cujusdam
1541 774 1690 813 Nicolai

117 840 270 878 Sanderi
302 842 492 887 nostratis,
525 847 566 879 ut
589 842 748 892 jactant,
780 842 839 880 cui
867 842 1016 879 titulum
1048 842 1151 887 fecit,
1193 845 1216 862 “
1233 840 1455 878 Monarchia
1485 837 1690 878 ecclesioe.’'

113 905 282 955 Apparet
300 918 382 943 esse
404 906 654 943 mercenarius
678 919 701 943 a
723 905 942 957 quibusdam
968 905 1215 943 cardinalibus
1234 904 1457 949 conductus,
1478 909 1516 940 et
1534 903 1689 940 aliorum

114 981 227 1019 opera
245 969 407 1019 adjutus,
427 975 465 1006 et
484 975 635 1007 ornatus
654 975 833 1021 tanquam
850 970 1008 1020 AEsopia
1023 969 1222 1007 cornicula.
1265 968 1486 1019 Tempestas
1499 967 1633 1010 valida,
1654 972 1693 1003 et

114 1038 240 1070 nostra
258 1033 385 1070 omnia
403 1047 478 1071 uno
498 1033 589 1071 flatu
600 1040 834 1086 prosternere
851 1035 967 1072 videri
986 1034 1076 1072 vult.
1115 1034 1237 1072 Omne
1255 1034 1295 1071 in
1312 1033 1494 1083 religione
1509 1031 1690 1082 judicium

116 1096 326 1135 christianis
349 1098 629 1149 magistratibus
652 1099 795 1145 eximit,
821 1111 944 1150 papae,
973 1111 1118 1136 summo
1146 1099 1185 1135 in
1209 1097 1368 1136 ecclesia
1394 1095 1626 1141 monarchae,
1653 1100 1692 1132 et

115 1161 191 1199 suis
216 1167 337 1199 totum
366 1163 550 1201 vendicat.
606 1164 781 1201 Mortuus
809 1170 865 1200 est
891 1169 1021 1200 noster
1046 1163 1210 1200 Juellus:
1247 1175 1384 1213 paucos
1411 1161 1509 1212 apud
1537 1173 1606 1198 nos
1633 1172 1692 1197 re·

114 1225 223 1276 liquit
247 1226 317 1264 sibi
335 1240 454 1278 pares.
507 1227 631 1265 Vestri
655 1227 807 1278 proinde
832 1233 943 1278 atque
962 1228 1081 1265 nostri
1099 1228 1266 1272 interest,
1286 1225 1396 1277 hujus
1418 1226 1549 1276 hydrae
1570 1224 1694 1275 capita

110 1302 286 1329 resecare.
344 1291 481 1329 Habeo
513 1292 678 1330 libellum
715 1297 821 1329 tuum
853 1292 899 1329 de
926 1305 1023 1342 papa
1054 1291 1289 1336 antichristo,
1318 1303 1429 1342 quem
1460 1290 1522 1327 ille
1544 1294 1692 1326 strenue

112 1351 259 1389 refutat.
316 1352 404 1390 Non
434 1353 545 1397 sines,
580 1366 700 1403 spero,
730 1354 833 1391 illum
865 1353 1104 1404 triumphare.
1161 1353 1290 1391 Faciat
1322 1360 1361 1391 te
1394 1353 1498 1390 Deus
1527 1350 1692 1402 optimus

112 1415 296 1453 maximus
314 1416 352 1453 in
372 1417 508 1454 multos
527 1430 646 1454 annos
666 1418 905 1468 superstitem
925 1418 972 1454 ad
992 1418 1162 1455 ecclesiae
1183 1431 1263 1455 suae
1283 1417 1579 1455 incolumitatem
1596 1416 1603 1451 ἱ

191 1479 303 1531 Apud
331 1480 490 1519 insulam
520 1481 710 1518 Eliensem
732 1481 771 1518 in
797 1480 950 1531 Anglia,
977 1484 1000 1518 4
1027 1481 1230 1526 Februarii,
1263 1483 1375 1525 1572,
1400 1481 1509 1531 juxta
1538 1491 1690 1529 compu-

111 1542 294 1580 tationem
323 1543 547 1595 Anglorum.

191 1607 308 1644 Mitto
333 1608 381 1645 ad
406 1615 444 1646 te
464 1622 750 1660 mnemosynon,
779 1609 867 1646 licet
889 1609 1001 1646 nimis
1025 1609 1217 1659 exiguum,
1238 1609 1401 1659 quinque
1429 1612 1689 1646 coronatorum

113 1671 369 1720 Anglicorum.

692 1734 764 1773 Tui
792 1734 1085 1772 studiosissimus
1112 1735 1151 1772 in
1181 1735 1333 1773 Christo
1362 1736 1484 1780 frater,

1025 1821 1301 1860 RICARDUS
1331 1820 1586 1865 ELIENSIS,

1235 1897 1444 1948 Episcopus
1473 1897 1511 1934 in
1539 1896 1688 1948 Anglia.

483 1960 733 1987 INscR1PT10.

227 2012 313 2049 Viro
336 2012 550 2049 doctissimo
576 2015 610 2048 ct
635 2013 737 2049 verbi
755 2011 832 2048 Dea·
856 2010 1065 2062 profissorzss

272 2078 418 2122 eximio,
432 2080 465 2113 et
479 2076 610 2127 fratri
626 2089 707 2113 meo
726 2078 766 2114 ‘in
779 2076 926 2113 Christo
947 2078 1062 2112 caris-

270 2141 379 2184 simo,
411 2141 458 2177 D.
489 2140 691 2190 Rodolpho
722 2141 918 2184 Gualtero,
950 2139 1064 2188 Tigu-

269 2216 367 2241 γιηο.

656 2444 955 2488 EPISTOLA
987 2445 1154 2488 CVIII.

285 2622 529 2655 RICARDUS
560 2624 715 2656 COXUS
746 2626 813 2656 AD
844 2625 1103 2658 HENRICUM
1136 2623 1503 2655 BULLINGERUM.

193 2697 287 2735 NON
306 2706 461 2749 possunt
478 2714 554 2738 non
574 2714 654 2738 esse
672 2700 765 2738 mihi
781 2701 1067 2751 jucundissimae
1087 2707 1163 2738 tuae
1189 2700 1320 2745 literae,
1342 2699 1454 2737 frater
1477 2698 1515 2735 in
1537 2696 1688 2735 Christo

114 2763 324 2807 reverende,
350 2769 493 2802 tantam
519 2765 693 2802 nimirum
714 2765 895 2815 spirantes
916 2766 1097 2817 pietatem
1118 2770 1155 2802 et
1179 2763 1460 2802 humanitatem.
1516 2761 1688 2799 Gratulor

113 2825 182 2863 tibi
209 2839 255 2862 cx
285 2827 409 2864 animo
436 2841 510 2873 eas,
541 2842 630 2880 quas
659 2829 851 2880 praedicas,
880 2831 1044 2881 corporis
1066 2830 1175 2873 vires,
1204 2841 1292 2880 quae
1315 2827 1383 2865 tibi
1412 2840 1478 2878 per
1505 2826 1576 2864 Dei
1606 2838 1688 2875 gra-

113 2888 204 2926 tiam
224 2890 404 2927 sufficient
423 2892 468 2929 ad
494 2905 627 2930 munus
645 2899 751 2931 tuum
771 2894 993 2932 obeundum.
1050 2893 1182 2931 Multis
1202 2891 1394 2943 annishas
1415 2891 1483 2928 tibi
1502 2889 1689 2927 ministret

114 2952 298 3005 benignus
319 2954 505 2994 Dominus
525 2957 571 2994 ad
590 2957 749 3008 gloriam
768 2958 933 2996 nominis
953 2958 1009 2996 sui
1029 2964 1067 2995 et
1085 2957 1254 2997 ecclesiae
1276 2955 1590 2995 aedificationem!
