1845 3233
141 141 223 182 138
754 150 945 176 monzons
978 150 1051 177 cox
1057 151 1101 177 us
1566 132 1708 194 [EPIST.

138 268 276 305 malum
309 267 465 304 daretur.
521 267 732 305 Vanissima
762 271 847 303 sunt
879 279 980 312 sane,
1013 280 1097 317 quae
1129 280 1152 304 a
1180 265 1422 304 contentiosis
1453 265 1526 304 tuis
1558 266 1707 304 auribus

138 332 421 375 insusurrantur,
450 330 623 368 nimirum
648 336 784 382 praeter
806 336 927 368 vestes
946 331 1063 368 multa
1083 331 1155 368 alia
1179 331 1326 369 obtrudi
1354 330 1532 376 ecclesiis,
1561 337 1599 368 et
1627 345 1709 369 esse

138 396 199 446 qui
220 395 378 444 Reginae
403 395 554 432 nomine
582 395 800 432 abutantur:
830 400 1023 445 praeterea,
1051 395 1240 432 ministros
1266 395 1349 445 ejici
1369 395 1415 432 ab
1433 395 1613 440 ecclesiis,
1643 396 1708 447 qui

138 459 294 498 decretis
313 459 541 509 quorundam
562 460 789 497 subscribere
807 459 953 497 nolunt.
998 459 1115 504 Quasi
1129 472 1215 498 vero
1235 459 1384 510 quidam
1403 459 1477 496 sint
1495 459 1534 496 in
1552 459 1709 510 Anglia,

138 523 200 574 qui
226 522 370 574 privata
397 524 618 562 auctoritate
649 524 795 562 decreta
822 524 980 561 condere
1006 524 1179 570 audeant,
1209 530 1246 561 et
1276 523 1449 560 fratribus
1480 524 1709 562 observanda

138 599 356 639 proponere.
411 587 509 625 Illud
538 594 663 626 autem
685 593 727 625 ut
747 588 894 633 falsum,
922 587 974 625 ita
1001 587 1112 625 etiam
1143 588 1315 639 injurium
1341 592 1398 624 est
1428 593 1464 624 et
1491 588 1650 637 Reginae
1674 594 1712 626 et

136 651 237 689 verbi
256 651 447 697 ministris,
475 652 652 690 nimirum
671 651 771 703 quod
788 651 1047 702 indulgeamus
1072 652 1189 703 regiae
1208 651 1434 697 celsitudini,
1461 653 1711 690 audaciorem-

138 729 208 767 que
226 715 425 761 reddimus,
456 722 497 754 ut
516 717 659 768 quidvis
678 730 725 753 ex
749 729 815 753 suo
834 716 987 753 arbitrio
1011 721 1164 754 statuat.
1218 715 1330 754 Absit
1348 715 1433 762 hoc,
1453 722 1494 753 ut
1512 717 1708 768 quisquam

137 781 211 818 tale
238 781 442 831 suspicetur
460 782 506 819 de
530 788 608 819 tam
627 781 689 832 pia
714 787 752 818 et
768 781 945 831 religiosa
966 780 1132 826 heroina,
1162 780 1222 818 cui
1247 793 1391 818 summa
1415 793 1561 832 semper
1578 781 1711 832 religio

138 851 194 883 est
213 859 235 883 a
253 845 482 897 praescriptis
500 846 645 896 legibus
661 846 720 883 vel
744 845 932 883 tantillum
955 845 1103 896 quidem
1131 845 1341 883 deflectere.
1401 844 1485 882 Imo
1505 845 1711 883 conciones

138 923 238 948 acres
268 916 305 947 et
331 909 420 947 satis
448 910 642 948 mordaces
668 910 794 947 animo
822 910 1096 961 patientissimo
1124 910 1220 947 solet
1244 909 1380 947 audire.
1448 909 1591 947 Iterum
1615 910 1713 948 absit

137 974 364 1025 longissime,
384 979 425 1011 ut
441 974 543 1012 verbi
561 974 722 1012 ministri
740 975 778 1011 in
802 980 947 1025 turpem
968 974 1217 1012 adulationem
1245 974 1344 1011 foede
1374 974 1595 1024 degenerare
1614 974 1712 1025 judi-

137 1044 275 1078 centur.
330 1037 412 1075 Nos
440 1038 611 1090 equidem
639 1039 828 1076 neminem
853 1038 1033 1076 hactenus
1059 1039 1232 1076 novimus
1259 1039 1409 1083 veltua,
1439 1039 1625 1084 Gualtere,
1654 1039 1711 1076 vel

136 1116 438 1155 quorumcunque
477 1103 621 1154 piorum
663 1108 808 1154 patrum
850 1103 1085 1148 auctoritate,
1128 1103 1283 1140 abusum
1328 1103 1374 1140 ad
1416 1104 1711 1154 comprobandas

137 1167 339 1220 papisticas
373 1167 499 1213 faeces,
539 1181 632 1219 quas
664 1181 740 1206 una
773 1181 857 1206 cum
891 1168 963 1205 illis
996 1168 1188 1219 rejicimus
1220 1167 1316 1205 serio
1344 1173 1382 1205 et
1409 1168 1710 1206 condemnamus.

138 1233 272 1284 Neque
299 1245 426 1270 verum
450 1238 520 1279 est,
544 1246 615 1270 nos
636 1233 836 1284 quicquam
864 1232 1035 1271 fratribus
1055 1232 1248 1270 obtrudere
1267 1246 1314 1270 ex
1342 1245 1450 1284 papae
1479 1233 1603 1270 culina
1626 1247 1711 1284 pro-

136 1299 286 1337 fectum.
342 1296 469 1335 Vestis
508 1297 664 1335 candida
699 1298 810 1348 longe
838 1303 926 1335 ante
956 1297 1168 1348 papismum
1194 1297 1233 1334 in
1260 1297 1415 1335 ecclesia
1440 1296 1581 1335 Christi
1606 1311 1710 1336 usur-

137 1367 225 1413 pata
248 1361 330 1399 fuit.
386 1360 423 1398 A
440 1361 550 1400 nobis
578 1367 701 1399 autem
719 1367 977 1413 proponuntur
994 1362 1066 1399 ista
1089 1362 1234 1412 legibus
1252 1368 1341 1399 ante
1366 1362 1519 1407 sancita,
1550 1375 1628 1402 non
1653 1364 1709 1401 uti

137 1426 294 1478 papistae
312 1425 460 1464 fuerunt
483 1426 589 1464 abusi
615 1426 662 1463 ad
681 1427 997 1477 superstitionem,
1027 1427 1090 1464 sed
1109 1432 1256 1465 tantum
1281 1427 1328 1465 ad
1357 1426 1652 1474 distinctionem,
1671 1434 1712 1465 ut

137 1491 226 1529 ordo
257 1495 295 1528 et
318 1490 492 1528 decorum
522 1496 687 1529 servetur
713 1491 753 1528 in
778 1491 986 1529 ministerio
1010 1491 1110 1529 verbi
1134 1496 1172 1528 et
1197 1496 1522 1529 sacramentorum.
1580 1492 1711 1543 Neque

136 1561 302 1607 pastores
329 1555 430 1601 boni,
458 1568 579 1606 neque
604 1555 775 1593 homines
801 1556 852 1606 pii
877 1555 959 1593 istis
985 1555 1233 1593 offenduntur.

217 1619 335 1670 AEgre
352 1619 446 1656 ferre
463 1619 610 1664 videris,
634 1620 733 1671 quod
750 1621 916 1671 episcopi
941 1621 1094 1658 istarum
1116 1633 1238 1658 rerum
1264 1626 1481 1659 executores
1504 1622 1710 1660 constitue-

140 1685 283 1722 bantur.
347 1682 430 1721 Imo
462 1683 649 1721 insinuare
681 1684 829 1730 videris,
859 1698 904 1722 ex
939 1683 1078 1722 Christi
1107 1685 1294 1735 parabola,
1323 1699 1392 1723 nos
1425 1699 1505 1724 esse
1534 1687 1709 1737 perfidOS,

139 1748 321 1794 ebriosos,
353 1753 391 1784 et
425 1760 686 1786 conservorum
724 1762 898 1794 caesores,
930 1754 967 1786 et
996 1749 1100 1799 quasi
1134 1749 1337 1788 aulicorum
1369 1751 1711 1801 superstitiosorum

140 1813 323 1864 figmenta
343 1813 552 1863 probemus,
579 1813 691 1850 etiam
714 1814 820 1864 quasi
842 1812 1032 1851 ministros
1054 1813 1134 1863 pios
1160 1813 1409 1852 inhumaniter
1435 1820 1652 1861 tractemus,
1676 1822 1714 1854 et

141 1875 361 1915 temeritatis
391 1876 584 1914 ministros
606 1889 674 1915 nos
700 1877 943 1928 praebeamus.
1001 1877 1164 1915 Putabas
1196 1891 1267 1916 nos
1295 1879 1425 1916 talium
1458 1879 1714 1919 ministrorum

140 1954 272 1981 causas
300 1954 378 1978 esse
411 1940 639 1979 defensuros.

219 2005 324 2044 Dura
349 2010 436 2043 sunt
456 2005 659 2043 admodum
679 2005 752 2043 ista
774 2011 812 2043 et
830 2019 853 2042 a
870 2005 1026 2044 veritate
1047 2005 1284 2045 alienissima.
1341 2006 1477 2046 Annon
1505 2022 1650 2060 semper
1668 2010 1714 2047 ab

141 2070 293 2109 exordio
327 2069 499 2108 ecclesiae
529 2070 622 2108 bene
652 2070 885 2114 constitutae,
913 2070 1050 2109 rituum
1080 2072 1415 2111 ecclesiasticorum
1443 2087 1530 2112 cura
1561 2080 1599 2112 et
1627 2088 1714 2114 con-

140 2135 297 2174 servatio
323 2134 393 2171 fuit
417 2134 604 2186 praecipue
629 2148 743 2186 penes
764 2135 991 2186 episcopos?
1044 2135 1186 2175 Annon
1216 2137 1356 2176 rituum
1381 2143 1655 2190 contemptores
1678 2148 1716 2179 et

139 2200 338 2238 violatores
355 2199 401 2236 ab
419 2199 604 2250 episcopis
622 2199 835 2250 reprehensi
854 2200 1014 2247 fuerunt,
1032 2206 1069 2238 et
1086 2202 1126 2238 in
1145 2201 1314 2239 ordinem
1332 2203 1502 2242 redacti?
1552 2204 1716 2255 Legatur

139 2269 281 2302 sanctae
308 2263 478 2302 ecclesiae
505 2264 642 2314 praxis,
665 2269 704 2301 et
728 2264 869 2315 liquido
895 2265 1080 2304 constabit
1106 2265 1178 2304 hoc
1201 2279 1327 2304 verum
1352 2280 1444 2306 esse.
1499 2268 1586 2306 Jam
1615 2282 1716 2316 vero,

140 2328 205 2380 qui
227 2327 298 2365 hoc
321 2341 456 2365 munus
485 2328 636 2373 obeunt,
663 2327 938 2379 iniquissimum
957 2329 1070 2367 fuerit
1096 2335 1138 2367 ut
1163 2330 1259 2368 inter
1283 2331 1443 2381 perfidos
1466 2338 1530 2370 aut
1550 2334 1716 2372 ebriosos

141 2397 413 2443 computentur.
483 2392 653 2443 Ingenue
677 2405 835 2443 vereque
858 2393 999 2439 fateris,
1029 2393 1178 2432 domine
1207 2395 1394 2441 Gualtere,
1421 2410 1503 2435 esse
1528 2411 1575 2435 ex
1597 2398 1716 2436 fratri-

140 2456 208 2493 bus
233 2456 314 2493 istis
343 2457 523 2507 quosdam
550 2457 770 2502 morosulos,
801 2457 878 2494 imo
908 2457 1030 2495 dicere
1062 2458 1256 2510 potuisses,
1284 2461 1532 2512 obstreperos,
1561 2468 1715 2501 conten-

140 2520 272 2566 tiosos,
286 2525 324 2558 et
338 2521 505 2559 ecclesiae
519 2534 596 2559 non
610 2521 706 2558 male
721 2521 939 2559 constitutae
959 2522 1138 2560 unitatem
1160 2523 1387 2572 scindentes,
1406 2531 1444 2563 et
1461 2526 1576 2564 divini
1594 2528 1715 2567 cultus

143 2583 301 2621 formam
320 2598 367 2622 ex
392 2585 468 2623 suis
493 2585 677 2636 capitibus
696 2585 895 2624 confictam
924 2587 1066 2637 passim
1098 2588 1240 2638 populo
1268 2589 1469 2636 tradentes,
1499 2605 1544 2629 eo
1570 2592 1716 2630 interim

141 2647 278 2693 libello,
297 2661 319 2685 a
335 2649 408 2699 piis
426 2650 590 2700 patribus
609 2650 820 2701 composito
839 2655 877 2687 et
891 2650 993 2700 justa
1010 2652 1232 2690 auctoritate
1248 2654 1497 2704 promulgato,
1514 2656 1594 2706 jam
1612 2657 1715 2707 peni-

142 2716 202 2748 tus
231 2717 356 2762 spreto
382 2718 422 2750 et
442 2714 670 2751 conculcato.
725 2713 785 2752 Ad
810 2713 906 2761 haec,
932 2716 1178 2755 concionibus
1200 2718 1276 2755 suis
1302 2719 1457 2756 nimium
1481 2721 1718 2772 popularibus

143 2781 272 2813 contra
301 2777 426 2814 sordes
455 2778 657 2828 papisticas
686 2784 724 2815 et
755 2784 991 2829 portentosas
1019 2786 1141 2819 vestes
1170 2781 1408 2829 invehuntur,
1437 2797 1529 2834 quas
1555 2785 1717 2823 clamant

143 2840 344 2890 impietatis
363 2846 401 2877 et
419 2840 668 2880 damnationis
693 2848 848 2881 aeternae
876 2844 1075 2883 ministras.
1132 2845 1238 2884 Nihil
1263 2847 1347 2884 illos
1365 2854 1492 2885 movet
1510 2849 1567 2885 vel
1592 2851 1713 2900 regni,

144 2904 203 2941 vel
220 2904 389 2941 ecclesiae
407 2911 561 2951 nostrae,
581 2906 640 2944 vel
658 2907 903 2945 serenissimae
925 2909 1100 2959 Reginae,
1128 2910 1186 2948 vel
1203 2910 1375 2949 fraternae
1396 2912 1714 2959 commonitionis,

145 2967 202 3006 vel
220 2967 294 3018 piae
313 2968 581 3008 exhortationis
605 2971 819 3010 auctoritas.
874 2972 1008 3024 Neque
1034 2974 1232 3025 quicquam
1254 2976 1362 3027 pensi
1385 2975 1524 3021 habent
1550 2977 1714 3016 infirmo-
