1845 3233
108 130 203 177 ‘174
400 145 588 171 Enwmus
620 144 774 171 sANDus
808 145 863 170 AD
897 144 1111 171 nsschuM
1144 144 1445 172 BULmNGERtm.
1556 127 1698 184 [muer.

113 262 278 300 consule.
326 261 432 298 Bene
456 262 551 305 vale,
579 260 635 298 vir
671 260 946 305 colendissime‚
980 265 1019 297 et
1049 260 1221 310 precibus
1249 260 1322 297 tuis
1353 260 1438 297 Deo
1472 272 1532 297 me
1562 259 1700 297 habeas

113 325 427 369 commendatum,
457 337 597 375 quaeso.
654 324 819 374 Raptim.
851 323 1017 361 Londini
1044 324 1083 360 in
1103 323 1256 374 Anglia,
1288 326 1336 361 15
1357 323 1534 374 Augusti,
1566 325 1681 362 1573.

683 397 787 435 Tuus
814 398 853 434 in
883 397 1039 435 Christo
1065 397 1192 444 frater,

898 473 1156 512 EDWINUS
1185 473 1410 518 SANDUS,

1086 543 1297 594 Episcopus
1325 542 1589 581 Londinensis.

476 607 733 633 mscmprmo.

223 660 312 696 Viro
341 659 599 696 colendissimo
627 663 660 696 et
685 659 818 709 fratri
850 672 917 696 sno
951 661 1070 697 earis-

267 724 375 769 simo,
416 724 571 762 domino
613 724 785 760 Hem-ico
827 722 1067 771 Bullingero,

268 788 425 825 eeclesia?
454 789 653 837 Tigurinoe
672 789 825 837 pastori
852 788 1070 834 vigilantis-

271 854 381 891 simo.

741 904 794 940 In
821 903 1012 941 Helvetia.

660 1207 962 1251 EPISTOLA
999 1208 1144 1251 CXV.

300 1405 544 1437 RICARDUS
573 1406 729 1438 COXUS
756 1407 825 1438 AD
856 1406 1169 1439 RODOLPHUM
1199 1404 1524 1436 GUALTERUM.

189 1486 309 1532 QUOD
341 1486 458 1524 literis
489 1487 564 1524 tuis
591 1487 706 1537 longe
734 1487 1015 1525 humanissimis
1039 1500 1170 1525 mense
1199 1486 1401 1524 Decembri
1430 1484 1523 1522 mihi
1551 1484 1697 1522 traditis

107 1565 168 1588 me
192 1551 377 1596 inviseris,
399 1551 572 1588 Gualtere
591 1551 630 1588 in
657 1551 811 1589 Christo
831 1552 1033 1597 carissime,
1059 1551 1198 1601 gratias
1222 1563 1297 1601 ago
1315 1550 1384 1588 tibi
1410 1563 1521 1600 quam
1542 1562 1696 1599 possum

109 1616 317 1660 maximas;
362 1615 496 1666 quibus
529 1616 640 1665 plane
677 1616 870 1666 significas
903 1622 942 1652 te
979 1616 1151 1653 ecclesiae
1186 1614 1329 1652 Christi
1365 1614 1424 1651 vel
1458 1613 1586 1663 procul
1622 1614 1696 1651 dis-

107 1680 193 1717 sitae
228 1679 462 1716 solicitudine
489 1679 611 1717 affici:
650 1692 735 1730 quae
761 1680 911 1729 quidem
938 1680 1106 1717 omnium
1136 1679 1177 1716 in
1210 1678 1368 1716 ecclesia
1391 1683 1582 1728 pastorum
1609 1691 1698 1715 cura

107 1757 185 1781 non
209 1748 397 1794 postrema
426 1743 536 1780 debet
562 1756 656 1789 esse,
685 1743 856 1793 inprimis
883 1756 970 1781 vero
999 1756 1142 1788 eorum,
1171 1743 1234 1793 qui
1258 1755 1339 1793 prae
1366 1742 1449 1780 aliis
1475 1741 1698 1779 eruditionis

108 1814 146 1845 et
167 1807 299 1857 judicii
319 1812 431 1858 atque
458 1807 608 1857 pietatis
636 1820 789 1844 munere
815 1808 969 1858 pollent.
1025 1808 1073 1845 D.
1100 1806 1345 1857 Whitgiftus,
1371 1805 1695 1843 schismaticorum

106 1872 227 1909 hostis
256 1872 457 1909 acerrimus
487 1877 525 1908 et
554 1872 768 1922 praecipuus
798 1872 837 1908 in
867 1872 1027 1910 ecclesia
1054 1877 1184 1909 nostra
1213 1871 1382 1916 malleus,
1413 1883 1499 1908 cum
1528 1870 1697 1907 animad-

108 1936 281 1974 vertisset
308 1935 481 1973 effraenes
512 1934 685 1972 homines
711 1937 892 1986 repagula
920 1937 1048 1987 legum
1076 1935 1345 1986 religionisque
1370 1935 1467 1972 bene
1498 1934 1698 1985 quieteque

108 2001 327 2038 constitutae
355 2013 423 2037 suo
447 2000 646 2037 temerario
675 2000 819 2050 impetu
846 2000 1004 2052 rupisse,
1030 2000 1250 2050 libellosque
1274 1999 1440 2036 famosos
1467 1999 1564 2035 clam
1591 1999 1695 2049 prelo

106 2065 326 2102 commissos
354 2063 478 2114 palam
507 2063 698 2114 sparsisse,
732 2069 770 2100 et
802 2077 849 2101 ex
875 2064 951 2101 tuis
985 2064 1032 2101 ad
1061 2063 1332 2101 Parkhurstum
1362 2068 1533 2099 nostrum
1566 2062 1696 2108 literis,

107 2142 198 2179 quas
227 2128 356 2165 multis
385 2127 718 2171 communicarant,
747 2127 828 2178 jam
857 2141 987 2165 ansam
1015 2127 1214 2178 arripuisse
1242 2127 1289 2164 ad
1316 2139 1403 2164 suos
1432 2138 1573 2163 errores
1605 2139 1695 2163 con-

106 2193 335 2236 firmandos3
359 2192 405 2229 ad
423 2191 590 2229 veritatis
609 2191 865 2228 defensionem
883 2204 1118 2242 magnopere
1137 2191 1317 2228 interesse
1336 2189 1502 2240 putabat,
1523 2189 1555 2227 si
1573 2189 1696 2228 literae

105 2257 152 2293 ad
181 2270 242 2294 me
271 2262 350 2293 tuae
379 2256 663 2306 publicarentur.
733 2255 881 2293 Priores
906 2261 985 2293 tuae
1017 2256 1138 2293 literae
1171 2268 1239 2306 per
1270 2254 1384 2292 falsos
1411 2258 1645 2291 accusatores
1674 2267 1698 2291 a

104 2326 143 2357 te
179 2326 339 2358 extortae
370 2319 541 2365 fuerunt3
578 2320 801 2370 posteriores
829 2333 916 2357 vero
946 2320 1106 2371 simplex
1141 2318 1277 2357 veritas
1308 2318 1348 2356 in
1378 2318 1499 2355 lucem
1527 2318 1696 2368 protulit.

104 2385 240 2436 Neque
273 2385 375 2422 enim
402 2390 471 2429 est,
505 2384 606 2435 quod
634 2384 789 2421 istarum
820 2384 1075 2434 publicatione
1107 2383 1303 2428 movearis,
1335 2395 1423 2434 quae
1454 2382 1602 2420 laudem
1624 2382 1695 2419 tibi

104 2450 292 2500 decusque
309 2454 544 2500 pepererunt,
564 2461 611 2486 eo
634 2449 734 2499 quod
752 2448 900 2486 veritati
920 2448 1183 2498 suffragantur,
1207 2448 1314 2498 cujus
1340 2445 1533 2484 neminem
1556 2446 1696 2496 pudere

108 2514 232 2551 debet.

184 2578 400 2615 Nonnullos
428 2583 644 2615 nostrorum
664 2576 859 2614 hominum
889 2590 1030 2615 errores
1058 2576 1333 2628 quaestionibus
1362 2576 1411 2613 ad.
1438 2581 1477 2612 te
1508 2573 1603 2611 meis
1633 2586 1699 2623 pa-

103 2641 240 2679 tefeci:
294 2641 334 2678 in
371 2641 502 2692 quibus
551 2641 651 2691 quod
689 2641 806 2678 animi
848 2641 905 2678 tui
950 2653 1100 2679 sensum
1146 2646 1225 2677 tam
1269 2639 1430 2677 candide
1471 2644 1510 2675 et
1551 2637 1696 2675 sincere

105 2705 330 2755 explicuisti,
366 2718 445 2743 rem
475 2705 584 2743 nobis
622 2705 875 2755 gratissimam
912 2705 1046 2743 fecisti.
1115 2705 1205 2743 Non
1243 2704 1344 2742 enim
1379 2703 1471 2741 levis
1508 2701 1693 2739 momenti

103 2774 161 2805 est
191 2769 231 2806 in
258 2769 415 2806 ecclesia
445 2774 574 2806 nostra
598 2768 646 2806 D.
670 2768 881 2818 Bullingeri
911 2775 948 2806 et
980 2769 1028 2806 D.
1051 2768 1218 2807 Gualteri
1246 2767 1439 2818 judicium.
1500 2765 1574 2803 Sed
1595 2765 1695 2802 rixa-

100 2837 202 2869 tores
229 2833 348 2870 nostri
376 2833 430 2869 ita
458 2832 766 2882 tergiversantur,
793 2837 905 2882 atque
931 2832 984 2869 ita
1009 2845 1076 2869 suo
1105 2845 1217 2869 sensu
1249 2832 1452 2876 abundant,
1483 2834 1524 2866 ut
1550 2827 1693 2865 nemini

102 2896 239 2933 cedant
274 2896 337 2946 qui
367 2897 442 2934 suis
474 2897 670 2934 sententiis
703 2897 929 2941 adversetur,
962 2901 1158 2947 vestraque
1191 2896 1319 2932 omnia
1354 2894 1492 2944 scripta
1528 2893 1569 2930 in
1607 2905 1694 2929 suas

102 2964 240 3009 partes,
267 2965 443 3010 tanquam
465 2961 615 2998 obtorto
633 2960 745 3006 collo,
763 2958 910 2998 trahere
932 2959 1112 2998 nituntur.
1163 2959 1291 3009 thue
1320 2957 1467 3008 aliquod
1499 2955 1691 3007 specimen
