1845 3233
122 122 317 178 Lxxxix.]
622 139 674 164 AD
709 138 919 165 HENRICUM
956 139 1256 165 nULmNGERUM.
1620 121 1701 162 131

125 251 241 296 nient,
274 252 420 303 ignoro.
476 253 581 299 Vale,
610 253 663 291 mi
690 254 865 300 Domine,
897 267 982 292 cum
1015 254 1187 292 omnibus
1216 254 1432 305 symmystis
1460 252 1547 290 tuis.
1602 250 1706 289 Felix

126 315 175 352 sit
201 315 404 367 Tigurum!
460 320 484 355 9
512 318 617 365 Julii,
650 320 762 357 1570.

771 394 874 433 Tuus
900 394 939 432 in
968 393 1133 440 Christo,

896 470 1140 510 JACOBUS
1180 468 1602 510 PILKINGTONUS.

442 548 700 576 1NscR1PT10.

205 599 421 636 Reverendo
446 602 486 638 in
510 601 661 639 Christo
687 605 721 639 et
747 603 895 639 doctiss.

278 664 375 708 -vz‘ro,
398 665 447 701 D.
471 666 642 704 Hem-ico
659 668 894 715 Bullingcro,

280 728 554 777 Tigurinorum
570 734 720 781 pastori
737 733 889 781 digniss.

695 983 994 1026 EPISTOLA
1037 982 1135 1025 XC.

205 1148 476 1182 EDMUNDUS
506 1151 817 1182 GRINDALLUS
847 1152 915 1183 AD
948 1148 1209 1182 HENRICUM
1240 1145 1613 1179 BULLINGERUM.

205 1231 409 1270 SALUTEM
437 1233 476 1270 in
502 1232 663 1272 Christo.
710 1234 852 1285 Accepi
878 1233 1052 1271 homilias
1081 1237 1164 1269 tuas
1195 1230 1448 1276 Germanicas,
1473 1242 1541 1280 pro
1571 1227 1707 1279 quibus

127 1296 264 1346 gratias
286 1311 371 1349 ago.
430 1298 515 1348 Ego
542 1298 664 1336 adhuc
690 1298 910 1336 Germanice
931 1297 1068 1349 scripta
1093 1297 1183 1334 satis
1209 1295 1402 1346 intellig03
1436 1307 1526 1332 nam
1544 1293 1706 1331 multum

126 1360 289 1400 laboravi
321 1362 360 1400 in
387 1363 515 1413 lingua
541 1369 664 1401 vestra
697 1363 947 1407 addiscenda3
977 1363 1042 1400 sed
1070 1360 1246 1413 loquendi
1275 1373 1385 1398 usum
1413 1359 1532 1397 amisi.

203 1426 227 1464 J
232 1427 295 1464 ulii
329 1427 605 1465 Santerentiani
631 1428 851 1479 pensionem
883 1433 969 1466 ante
1007 1439 1174 1464 mensem
1206 1425 1340 1463 tradidi
1373 1424 1534 1462 Ricardo
1568 1422 1705 1469 Hilles‚

128 1496 169 1527 ut
212 1491 260 1528 ad
304 1492 491 1542 proximas
532 1493 716 1531 nundinas
762 1492 1086 1531 Francfordienses
1130 1489 1382 1528 Froschovero
1422 1488 1708 1540 persolvendam

127 1561 282 1593 curaret.
352 1555 496 1593 Literas
528 1569 643 1602 meas,
675 1570 768 1608 quas
800 1557 848 1594 ad
878 1569 1009 1595 vernas
1041 1555 1226 1593 nundinas
1259 1554 1357 1600 misi,
1391 1567 1499 1604 spero
1531 1558 1570 1590 te
1606 1565 1708 1590 acce-

127 1618 237 1669 pisse.
294 1620 443 1658 Interea
470 1620 650 1671 temporis
678 1621 799 1658 visum
829 1626 886 1658 est
916 1620 1165 1658 serenissimae
1193 1619 1359 1669 Reginae
1390 1623 1547 1663 nostrae,
1574 1630 1635 1654 me
1663 1616 1709 1653 ab

126 1683 196 1722 hac
220 1685 308 1723 urbe
331 1686 376 1723 ad
401 1686 675 1724 Eboracensem
702 1685 843 1732 sedem,
868 1685 931 1722 ubi
949 1698 1009 1723 res
1033 1697 1111 1722 non
1138 1684 1230 1721 adeo
1252 1684 1347 1721 bene
1366 1682 1585 1721 constitutae
1611 1687 1710 1727 sunt,

127 1749 335 1788 transferre.
394 1750 438 1787 In
464 1763 554 1801 agro
575 1750 802 1788 Eboracensi
827 1755 865 1787 et
884 1749 1131 1788 Dunelmensi
1153 1747 1214 1800 (ut
1236 1761 1354 1800 nuper
1377 1745 1526 1798 scripsi)
1553 1751 1636 1784 orta
1654 1751 1711 1783 est

127 1813 191 1850 illa
222 1814 400 1865 superiori
428 1814 564 1865 hyeme
592 1815 775 1853 nobilium
803 1820 841 1852 et
866 1814 1089 1852 rusticorum
1118 1813 1252 1851 seditio
1279 1813 1326 1850 ad
1353 1818 1529 1864 papatum
1559 1811 1710 1849 restitu-

128 1878 276 1917 endum.
333 1879 496 1917 Fuerunt
515 1881 663 1931 quidem
685 1881 736 1918 ibi
763 1880 871 1918 multi
889 1883 1058 1917 extremo
1084 1878 1267 1929 supplicio
1289 1878 1434 1916 affecti:
1465 1876 1709 1914 nihilominus

128 1944 240 1982 audio
275 1944 379 1994 vulgi
415 1945 560 1983 animos
593 1946 698 1983 valde
732 1958 812 1982 esse
849 1944 1094 1988 exulceratos,
1136 1948 1174 1980 et
1208 1943 1315 1981 novis
1352 1942 1518 1980 motibus
1555 1941 1708 1978 inhiare.

131 2008 231 2053 Quid
264 2021 324 2045 me
353 2008 467 2057 igitur
494 2008 546 2046 ibi
575 2015 734 2055 maneat,
768 2009 915 2059 ignoro.
984 2007 1056 2044 Sed
1089 2006 1120 2043 si
1152 2020 1261 2044 novae
1293 2007 1413 2045 turbae
1445 2006 1498 2043 ibi
1530 2005 1707 2050 oriantur,

128 2072 207 2109 fieri
236 2086 312 2110 non
337 2078 473 2123 potest,
502 2073 593 2124 quin
621 2086 695 2123 ego
726 2086 811 2111 cum
839 2071 1030 2110 carissimo
1058 2070 1166 2108 fratre
1197 2071 1246 2109 D.
1274 2071 1533 2121 Pilkingtono,
1566 2069 1709 2107 Dunel-

130 2137 250 2174 mensi
280 2137 470 2188 episcopo,
504 2137 543 2174 in
575 2150 719 2175 summo
756 2136 918 2187 periculo
945 2135 1184 2174 versabimur.
1239 2136 1379 2174 Verum
1410 2134 1494 2172 haec
1523 2133 1617 2171 nihil
1649 2147 1709 2172 me

130 2207 305 2240 movent:
349 2202 522 2239 voluntas
549 2202 704 2240 Domini
729 2202 816 2240 fiat!
866 2201 968 2238 Haec
994 2205 1120 2237 tamen
1149 2213 1195 2238 co
1221 2212 1484 2245 commemoro,
1513 2204 1554 2236 ut
1575 2212 1644 2237 nos
1672 2204 1710 2237 et

132 2266 379 2304 ministerium
418 2272 587 2304 nostrum
624 2272 729 2304 tanto
770 2265 961 2304 ardentius
995 2265 1035 2302 in
1075 2264 1243 2315 precibus
1288 2264 1362 2302 tuis
1404 2263 1570 2302 Domino
1608 2276 1709 2301 com-

131 2331 295 2369 mendes.

211 2395 296 2446 Ego
331 2409 445 2447 quum
483 2395 567 2434 haec
605 2396 814 2440 scriberem,
851 2395 896 2433 ad
934 2395 1004 2433 iter
1042 2394 1251 2432 Eboracum
1282 2407 1408 2431 versus
1445 2393 1712 2444 capessendum

131 2472 226 2509 pene
255 2473 355 2497 cram
389 2461 599 2498 accinctus:
646 2474 722 2498 non
750 2459 855 2511 potui
885 2459 999 2510 igitur
1029 2458 1147 2496 fusius
1179 2457 1250 2496 hoc
1280 2464 1446 2508 tempore
1476 2457 1523 2494 ad
1555 2463 1591 2494 te
1622 2458 1711 2495 scri-

132 2523 230 2562 bere.
288 2524 382 2562 Sunt
404 2539 462 2563 res
488 2531 643 2571 nostrae,
667 2525 739 2563 Dei
763 2524 960 2572 beneficio,
986 2523 1077 2562 satis
1101 2523 1324 2573 tranquillae.
1382 2522 1497 2560 Initio
1517 2521 1715 2572 superioris

133 2588 228 2626 Maii
258 2589 442 2627 exercitus
476 2597 601 2627 noster
636 2590 801 2628 Scotiam
832 2589 1023 2639 ingressus
1055 2594 1113 2625 est
1143 2587 1235 2625 duce
1268 2587 1406 2625 comite
1437 2586 1638 2633 Sussexiae‚
1673 2593 1715 2624 ut

130 2653 286 2690 rebelles
319 2660 465 2691 nostros
494 2660 532 2691 et
564 2667 691 2692 eorum
722 2654 760 2691 in
796 2653 922 2691 Scotia
955 2658 1205 2704 receptatores
1242 2657 1530 2703 persequeretur.
1587 2651 1717 2690 Nostri

132 2717 229 2755 intra
255 2731 392 2768 paucos
420 2719 498 2756 dies
523 2732 625 2756 arces
655 2719 692 2756 in
720 2718 846 2756 Scotia
873 2720 921 2756 50
950 2718 1146 2769 supposito
1175 2716 1324 2768 pulvere
1350 2716 1594 2754 tormentario
1618 2729 1718 2753 ever-

132 2787 268 2827 terunt,
306 2788 344 2819 et
374 2796 493 2833 pagos
532 2786 607 2819 300
641 2783 791 2821 nemine
823 2783 1018 2821 resistente
1053 2788 1281 2820 exusserunt.
1350 2781 1479 2819 Scotia
1510 2781 1590 2830 jam
1627 2780 1717 2818 satis

131 2852 189 2883 cst
221 2856 375 2897 pacata3
419 2848 483 2885 sed
516 2847 585 2885 hoc
619 2848 786 2885 fortassis
820 2848 904 2886 idco
944 2849 998 2893 fit,
1034 2848 1121 2898 quia
1154 2846 1302 2896 Regina
1338 2851 1465 2883 nostra
1498 2846 1544 2882 ad
1578 2844 1717 2882 Scotiae

134 2910 228 2948 fines
257 2911 460 2949 exercitum
491 2912 579 2949 alit:
612 2925 698 2950 nam
733 2913 871 2963 alioqui
898 2913 960 2964 qui
992 2918 1096 2950 stant
1125 2925 1148 2949 a
1180 2911 1345 2962 partibus
1369 2910 1531 2960 Reginae.
1566 2909 1721 2952 Scotiae‚

135 2987 221 3024 quae
248 2974 366 3015 adhuc
392 2975 490 3027 apud
514 2989 583 3015 nos
608 2982 665 3015 est
686 2977 725 3015 in
748 2977 931 3024 custodia,
958 2977 1132 3016 videntur
1158 2989 1218 3015 res
1247 2988 1361 3014 novas
1387 2974 1564 3012 molituri.
1610 2972 1722 3011 Nunc

1487 3038 1611 3076 *9-2
