1845 3233
181 143 235 181 20
419 150 623 176 ‚mmmm-es
658 147 827 173 JrELLUS
862 146 915 170 An
950 142 1161 169 IIENRICUM
1193 141 1496 167 BULLINGERLW.
1599 125 1742 180 [ems'r.

179 269 253 304 fore
279 266 430 313 ¹matius,
457 277 563 313 quam
593 263 622 298 si
652 261 870 310 religionem
898 257 1038 295 Christi
1067 255 1229 292 studiose
1259 268 1300 292 ac
1330 254 1479 291 fortiter
1504 259 1740 305 propagaret,

178 337 214 366 vt
239 331 459 380 papistarum
481 325 713 363 insolentiam
739 323 982 360 imminueret.
1039 319 1152 364 Quod
1178 318 1238 355 ille
1261 324 1298 354 et
1319 318 1461 367 recepit
1486 331 1526 355 se
1544 318 1739 359 facturum,

179 401 215 429 et
243 399 340 429 certe
367 391 468 434 facit,
497 394 674 439 (plantum
702 393 837 437 potest.

254 457 444 492 Venerunt
472 453 582 489 hodie
616 451 829 489 Londinum
861 448 974 498 legati
1010 447 1111 496 regis
1149 445 1296 490 Galliae,
1325 446 1388 493 qui
1425 445 1657 496 gratulentur
1692 445 1740 481 (le

177 532 284 568 pace:
311 518 481 568 princeps
505 515 703 565 legationis
728 519 784 550 est
804 511 950 562 juvenis
977 509 1270 548 Memorancius.
1327 509 1385 546 De
1411 509 1550 559 nuptiis
1577 509 1740 559 Regina*

176 582 294 618 adluu-
318 581 418 618 nihil.
474 579 602 617 Ambit
626 578 773 628 quidem
802 576 898 613 filius
923 575 945 612 J
950 573 1107 612 ohannis
1134 573 1331 617 Frederici,
1357 579 1396 609 et
1416 573 1529 610 frater
1556 573 1740 610 secundus

177 651 263 682 natu
292 643 547 681 Maximiliani.
602 641 716 691 Vulgi
745 646 869 677 tamen
903 637 1065 688 suspicio
1097 636 1253 673 inclinat
1281 637 1320 673 in
1353 636 1584 681 Pikerinum,
1615 636 1738 674 homi-

177 723 258 746 nem
288 709 462 756 Anglmn,
492 707 607 743 virum
638 711 676 742 et
700 704 917 755 prudentem
947 707 984 739 et
1013 701 1128 751 pium,
1162 705 1199 737 et
1229 700 1335 750 regia
1365 701 1530 752 corporis
1555 700 1739 750 dignitate

178 773 378 821 prawlitum.
436 772 536 808 Deus
562 771 654 807 bene
676 773 803 811 vertat,
829 765 1001 817 quicquid
1025 765 1115 802 erit!

255 836 339 872 [stw
363 836 491 884 primae
511 840 609 878 sunt,
628 847 716 884 quas
740 833 785 869 ad
805 838 842 868 te
868 830 1022 867 seorsim
1041 829 1181 879 scripsi,
1208 842 1254 866 ex
1274 842 1348 879 quo
1366 829 1460 866 redii
1479 829 1516 866 in
1534 828 1713 879 Angliam
1730 843 1738 866 z

173 900 236 935 sed
266 899 451 948 quoniam,
476 911 559 948 quae
586 897 712 947 scripsi
741 896 787 932 ad
814 895 864 931 D.
897 895 1114 943 Martyrem,
1143 893 1222 930 scio
1246 893 1348 930 illum
1376 899 1527 944 propter
1554 906 1735 930 summam

175 964 267 999 inter
295 976 359 999 vos
389 961 685 1011 conjunctionem
718 966 840 996 tecum
878 958 1050 995 habuisse
1087 957 1316 1002 communia,
1349 970 1427 994 non
1460 957 1601 999 dubito,
1635 970 1736 1007 quee-

171 1039 326 1076 cumque
350 1027 394 1062 ad
420 1026 520 1062 illum
545 1024 683 1074 scripsi,
710 1024 838 1060 eadem
864 1023 909 1059 ad
932 1028 968 1059 te
995 1034 1143 1071 quoque
1165 1021 1304 1072 scripta
1328 1021 1460 1059 dicere.
1517 1022 1620 1059 Bene
1643 1021 1735 1062 vale,

172 1091 220 1126 mi
249 1096 362 1140 pater,
400 1097 436 1126 et
472 1090 620 1126 domine
651 1089 688 1125 in
724 1087 873 1124 Christo
913 1085 1186 1123 colendissimo.
1255 1085 1381 1123 Saluta
1416 1086 1598 1136 optimam
1634 1086 1735 1122 illam

172 1154 370 1198 mulierem,
399 1166 549 1190 uxorem
579 1159 704 1195 tuam;
736 1152 783 1188 D.
819 1151 1047 1194 Gualterum,
1083 1150 1131 1187 D.
1166 1149 1375 1194 Simlerum,
1414 1150 1461 1187 D.
1501 1150 1733 1200 Zuinglium,

177 1218 218 1254 D.
240 1218 472 1254 Lavaterum.
529 1217 566 1254 Si
585 1217 671 1267 quid
689 1228 850 1265 unquam
870 1215 950 1257 erit,
971 1215 1010 1251 in
1030 1227 1103 1264 quo
1123 1214 1262 1264 possim
1288 1220 1351 1250 aut
1376 1214 1443 1251 tibi
1467 1221 1532 1251 aut
1555 1215 1629 1251 tuis
1653 1228 1735 1251 esse

171 1282 344 1331 voluptati
373 1288 434 1318 aut
463 1281 556 1321 usui,
589 1280 766 1330 polliceor
795 1279 861 1315 tibi
898 1292 972 1315 non
1003 1284 1149 1314 tantum
1178 1291 1343 1328 operam,
1374 1279 1549 1320 studium,
1578 1278 1735 1328 diligen-

170 1345 270 1387 tiam,
291 1346 353 1382 sed
373 1346 483 1382 etiam
504 1345 665 1381 animum
684 1351 721 1380 et
739 1356 867 1393 corpus
886 1355 1021 1379 meum.
1045 1342 1140 1380 Maii
1158 1345 1221 1386 22,
1244 1342 1420 1386 Londini,
1445 1345 1558 1380 1559.

1090 1410 1162 1447 Tui
1191 1411 1495 1455 studiosissimuS,

397 1504 652 1529 [xsemrmo.
1268 1486 1344 1524 ιῙΟ.
1378 1487 1625 1525 JUELLL’S.

255 1560 341 1595 l'iro
363 1560 470 1606 longe
489 1559 698 1595 doctissimo
725 1558 770 1593 D.
791 1556 957 1592 Henrieo
988 1557 1226 1605 BullingerQ

338 1625 485 1671 pastori
517 1623 673 1658 ecclesia»
705 1621 899 1667 Tigurime
928 1621 1163 1668 dignissimo,
1196 1625 1228 1657 et

342 1688 492 1723 domino
513 1699 579 1722 sno
604 1686 872 1722 colendissimo.
932 1685 1081 1732 Tiguri.

723 1914 1018 1955 EPISTOLA
1060 1915 1168 1957 XV.

342 2077 593 2109 JOHANNES
622 2080 773 2111 FOXUS
802 2082 869 2112 AD
897 2082 1154 2113 HENRICUM
1185 2080 1559 2111 BULLINGERUM.

243 2158 445 2194 SALUTEM
467 2159 503 2195 in
526 2160 699 2198 Domino.
756 2162 861 2200 Nihil
887 2169 964 2200 erat
992 2164 1089 2213 quod
1118 2163 1288 2213 precibus
1313 2175 1460 2199 meeum
1492 2175 1635 2212 ageres,
1673 2176 1733 2199 ea-

166 2222 308 2260 rissime
334 2222 558 2271 Bullingere.
585 2224 615 2260 si
637 2225 724 2275 quid
746 2226 888 2263 videres
914 2227 951 2263 in
978 2241 1050 2277 quo
1077 2240 1170 2277 opus
1197 2232 1295 2264 esset
1321 2226 1433 2264 officii
1462 2227 1536 2263 mei
1562 2226 1731 2263 ministe-

168 2286 230 2321 rio.
287 2286 345 2322 De
370 2286 483 2322 literis
507 2287 588 2331 illis,
616 2301 766 2337 quarum
789 2289 880 2327 facis
907 2291 1149 2336 mentionem,
1176 2291 1308 2328 iterum
1333 2291 1431 2327 adivi
1452 2291 1603 2327 Petrum
1627 2291 1732 2328 Mac-

170 2350 316 2395 linwum
342 2348 400 2385 hic
427 2350 677 2400 bibliopolam,
705 2354 761 2390 eui
788 2360 867 2391 tum
897 2355 1014 2392 literae
1038 2355 1113 2392 illie
1142 2356 1188 2392 ab
1211 2355 1345 2399 Abelo,
1371 2361 1413 2391 ut
1438 2355 1485 2392 ad
1512 2368 1572 2392 me
1592 2356 1730 2395 scribit.

169 2413 451 2449 destinabantur.
507 2414 589 2451 Fuit
611 2417 744 2466 pariter
769 2431 912 2455 meeum
932 2425 968 2456 et
993 2420 1213 2457 Laurentius
1237 2425 1376 2462 noster,
1401 2419 1461 2456 eui
1488 2425 1607 2456 totum
1629 2420 1730 2457 illum

169 2476 375 2512 msc-iculum
401 2477 583 2515 literarum
605 2486 810 2518 nostrarum
830 2482 1016 2532 inscripsit
1039 2482 1099 2534 (ut
1123 2484 1267 2533 scripsit
1288 2484 1335 2520 ad
1353 2481 1432 2534 me)
1453 2483 1604 2520 Abelus.
1663 2484 1731 2521 Po-

169 2546 244 2576 trus
280 2539 318 2575 in
352 2539 447 2576 hunc
480 2543 629 2579 modum
661 2544 768 2581 nobis
803 2547 1019 2596 respondit:
1074 2547 1233 2585 Venisse
1266 2548 1311 2584 ad
1350 2561 1390 2585 se
1420 2548 1615 2598 quemdam
1647 2562 1731 2585 cum

168 2603 295 2647 literis,
321 2603 379 2651 qui
406 2605 532 2653 auriga
555 2619 629 2642 non
659 2615 765 2651 esset,
792 2610 856 2646 sed
881 2610 925 2646 ab
956 2611 1085 2660 auriga
1110 2612 1328 2657 conductus,
1355 2611 1413 2649 vel
1438 2611 1501 2661 qui
1531 2612 1576 2648 ab
1605 2613 1732 2662 auriga

169 2666 317 2702 emisset
335 2667 456 2703 literas
475 2668 563 2713 illas,
582 2676 622 2706 ut
642 2671 719 2720 ipse
737 2679 867 2721 postea
885 2674 1015 2723 majori
1034 2682 1180 2724 quaestu
1198 2676 1425 2713 revenderet.
1473 2675 1581 2713 Unde
1601 2675 1732 2713 Petrus

170 2729 250 2773 iste,
277 2730 380 2778 pretii
402 2731 674 2780 importunitate
696 2735 866 2780 offensus,
890 2743 928 2773 et
947 2738 1032 2787 quia
1056 2752 1133 2775 rem
1159 2740 1205 2776 ad
1230 2753 1269 2776 se
1295 2739 1387 2777 nihil
1411 2740 1595 2789 pertinere
1618 2740 1731 2784 videt,

169 2792 230 2827 sed
251 2793 295 2828 ad
316 2792 470 2842 Anglos,
496 2801 533 2831 ut
552 2798 716 2845 pecunia*
736 2812 814 2835 sua}
840 2802 1062 2846 consuleret,
1082 2801 1271 2840 hominem
1296 2804 1398 2841 misit
1422 2804 1468 2841 ad
1491 2804 1731 2841 diversorium

170 2855 218 2891 ibi
253 2856 458 2905 proximum
495 2857 654 2896 hominis
691 2862 888 2911 sylvestris,
926 2865 1110 2902 affirmans
1153 2867 1227 2904 illie
1261 2874 1491 2917 reperturum
1525 2881 1606 2905 esse
1644 2881 1730 2905 eum

167 2918 325 2967 Anglos,
345 2921 403 2969 qui
422 2921 542 2958 literas
560 2923 604 2960 ab
632 2937 677 2961 eo
704 2926 924 2976 aes-iperent:
954 2941 1035 2966 cum
1062 2935 1186 2967 tamen
1212 2931 1333 2969 nullos
1355 2932 1467 2969 sciam
1496 2932 1643 2982 Anglos
1669 2932 1730 2982 qui
