<?xml version="1.0" encoding="UTF-8"?>
<!DOCTYPE html PUBLIC "-//W3C//DTD XHTML 1.0 Transitional//EN"
    "http://www.w3.org/TR/xhtml1/DTD/xhtml1-transitional.dtd">
<html xmlns="http://www.w3.org/1999/xhtml" xml:lang="en" lang="en">
 <head>
  <title>
</title>
<meta http-equiv="Content-Type" content="text/html;charset=utf-8" />
  <meta name='ocr-system' content='tesseract 3.04.00' />
  <meta name='ocr-capabilities' content='ocr_page ocr_carea ocr_par ocr_line ocrx_word'/>
</head>
<body>
  <div class='ocr_page' id='page_1' title='image "./zurichletterscom02hunt_0352.png"; bbox 0 0 1845 3233; ppageno 0'>
   <div class='ocr_carea' id='block_1_1' title="bbox 146 125 1710 183">
    <p class='ocr_par' dir='ltr' id='par_1_1' title="bbox 146 125 1710 183">
     <span class='ocr_line' id='line_1_1' title="bbox 146 125 1710 183; baseline -0.003 -12"><span class='ocrx_word' id='word_1_1' title='bbox 146 133 200 175; x_wconf 74' lang='lat'>‚56</span> <span class='ocrx_word' id='word_1_2' title='bbox 346 145 548 172; x_wconf 68' lang='lat' dir='ltr'>JOHANNES</span> <span class='ocrx_word' id='word_1_3' title='bbox 581 142 864 169; x_wconf 72' lang='lat' dir='ltr'>mnxnunsrus</span> <span class='ocrx_word' id='word_1_4' title='bbox 900 140 953 166; x_wconf 71' lang='lat' dir='ltr'>AD</span> <span class='ocrx_word' id='word_1_5' title='bbox 985 139 1126 167; x_wconf 78' lang='lat' dir='ltr'><strong>JOSIAM</strong></span> <span class='ocrx_word' id='word_1_6' title='bbox 1162 139 1382 174; x_wconf 72' lang='lat' dir='ltr'>SIMLERUM,</span> <span class='ocrx_word' id='word_1_7' title='bbox 1420 125 1498 167; x_wconf 61' lang='grc'>850.</span> <span class='ocrx_word' id='word_1_8' title='bbox 1566 126 1710 183; x_wconf 74' lang='lat' dir='ltr'>[ErisT.</span> 
     </span>
    </p>
   </div>
   <div class='ocr_carea' id='block_1_2' title="bbox 134 255 1710 1532">
    <p class='ocr_par' dir='ltr' id='par_1_2' title="bbox 134 255 1710 1461">
     <span class='ocr_line' id='line_1_2' title="bbox 144 255 1710 311; baseline -0.002 -11"><span class='ocrx_word' id='word_1_9' title='bbox 144 262 304 300; x_wconf 77' lang='lat' dir='ltr'>scribens</span> <span class='ocrx_word' id='word_1_10' title='bbox 337 261 505 311; x_wconf 82' lang='lat' dir='ltr'>epistola,</span> <span class='ocrx_word' id='word_1_11' title='bbox 534 273 576 297; x_wconf 86' lang='lat' dir='ltr'>ac</span> <span class='ocrx_word' id='word_1_12' title='bbox 606 259 635 296; x_wconf 87' lang='lat' dir='ltr'>si</span> <span class='ocrx_word' id='word_1_13' title='bbox 663 258 813 296; x_wconf 87' lang='lat' dir='ltr'>eosdem</span> <span class='ocrx_word' id='word_1_14' title='bbox 843 257 994 294; x_wconf 86' lang='lat' dir='ltr'>diversis</span> <span class='ocrx_word' id='word_1_15' title='bbox 1026 255 1284 306; x_wconf 78' lang='lat' dir='ltr'>compellarem</span> <span class='ocrx_word' id='word_1_16' title='bbox 1318 255 1445 294; x_wconf 86' lang='lat' dir='ltr'>literis.</span> <span class='ocrx_word' id='word_1_17' title='bbox 1508 257 1638 309; x_wconf 81' lang='lat' dir='ltr'>Itaque</span> <span class='ocrx_word' id='word_1_18' title='bbox 1669 266 1710 297; x_wconf 86' lang='lat' dir='ltr'>ut</span> 
     </span>
     <span class='ocr_line' id='line_1_3' title="bbox 143 320 1709 373; baseline -0.001 -10"><span class='ocrx_word' id='word_1_19' title='bbox 143 327 257 363; x_wconf 83' lang='lat' dir='ltr'>tribus</span> <span class='ocrx_word' id='word_1_20' title='bbox 287 325 393 362; x_wconf 84' lang='lat' dir='ltr'>simul</span> <span class='ocrx_word' id='word_1_21' title='bbox 418 324 545 360; x_wconf 80' lang='lat' dir='ltr'>vestris</span> <span class='ocrx_word' id='word_1_22' title='bbox 571 323 617 360; x_wconf 91' lang='lat' dir='ltr'>ad</span> <span class='ocrx_word' id='word_1_23' title='bbox 643 335 701 359; x_wconf 86' lang='lat' dir='ltr'>me</span> <span class='ocrx_word' id='word_1_24' title='bbox 726 321 976 358; x_wconf 70' lang='lat' dir='ltr'>disertissimis</span> <span class='ocrx_word' id='word_1_25' title='bbox 1000 320 1165 370; x_wconf 77' lang='lat' dir='ltr'>epistolis</span> <span class='ocrx_word' id='word_1_26' title='bbox 1188 333 1262 356; x_wconf 88' lang='lat' dir='ltr'>una</span> <span class='ocrx_word' id='word_1_27' title='bbox 1295 320 1394 356; x_wconf 86' lang='lat' dir='ltr'>velut</span> <span class='ocrx_word' id='word_1_28' title='bbox 1421 333 1534 358; x_wconf 87' lang='lat' dir='ltr'>manu</span> <span class='ocrx_word' id='word_1_29' title='bbox 1560 335 1709 373; x_wconf 86' lang='lat' dir='ltr'>respon-</span> 
     </span>
     <span class='ocr_line' id='line_1_4' title="bbox 144 383 1708 438; baseline -0.001 -12"><span class='ocrx_word' id='word_1_30' title='bbox 144 390 261 433; x_wconf 82' lang='lat' dir='ltr'>deam,</span> <span class='ocrx_word' id='word_1_31' title='bbox 294 388 410 425; x_wconf 90' lang='lat' dir='ltr'>habeo</span> <span class='ocrx_word' id='word_1_32' title='bbox 443 387 546 424; x_wconf 82' lang='lat' dir='ltr'>vobis</span> <span class='ocrx_word' id='word_1_33' title='bbox 579 400 644 437; x_wconf 86' lang='lat' dir='ltr'>pro</span> <span class='ocrx_word' id='word_1_34' title='bbox 676 392 751 423; x_wconf 83' lang='lat' dir='ltr'>tam</span> <span class='ocrx_word' id='word_1_35' title='bbox 787 385 946 422; x_wconf 84' lang='lat' dir='ltr'>eandida</span> <span class='ocrx_word' id='word_1_36' title='bbox 974 383 1223 435; x_wconf 78' lang='lat' dir='ltr'>gratulatione</span> <span class='ocrx_word' id='word_1_37' title='bbox 1255 390 1376 421; x_wconf 84' lang='lat' dir='ltr'>vestra</span> <span class='ocrx_word' id='word_1_38' title='bbox 1411 385 1573 435; x_wconf 77' lang='lat' dir='ltr'>gratias:</span> <span class='ocrx_word' id='word_1_39' title='bbox 1617 401 1708 438; x_wconf 71' lang='lat' dir='ltr'>quas</span> 
     </span>
     <span class='ocr_line' id='line_1_5' title="bbox 142 448 1707 503; baseline -0.001 -13"><span class='ocrx_word' id='word_1_40' title='bbox 142 466 261 503; x_wconf 86' lang='lat' dir='ltr'>neque</span> <span class='ocrx_word' id='word_1_41' title='bbox 286 452 369 489; x_wconf 85' lang='lat' dir='ltr'>ideo</span> <span class='ocrx_word' id='word_1_42' title='bbox 397 465 418 488; x_wconf 88' lang='lat' dir='ltr'>a</span> <span class='ocrx_word' id='word_1_43' title='bbox 446 451 549 488; x_wconf 87' lang='lat' dir='ltr'>vobis</span> <span class='ocrx_word' id='word_1_44' title='bbox 568 451 675 487; x_wconf 76' lang='lat' dir='ltr'>velim</span> <span class='ocrx_word' id='word_1_45' title='bbox 703 450 857 487; x_wconf 86' lang='lat' dir='ltr'>minoris</span> <span class='ocrx_word' id='word_1_46' title='bbox 885 449 975 495; x_wconf 83' lang='lat' dir='ltr'>fieri,</span> <span class='ocrx_word' id='word_1_47' title='bbox 1004 449 1102 499; x_wconf 87' lang='lat' dir='ltr'>quod</span> <span class='ocrx_word' id='word_1_48' title='bbox 1131 448 1346 499; x_wconf 79' lang='lat' dir='ltr'>singulatim</span> <span class='ocrx_word' id='word_1_49' title='bbox 1371 449 1467 487; x_wconf 88' lang='lat' dir='ltr'>inter</span> <span class='ocrx_word' id='word_1_50' title='bbox 1495 464 1559 489; x_wconf 83' lang='lat' dir='ltr'>vos</span> <span class='ocrx_word' id='word_1_51' title='bbox 1585 451 1707 489; x_wconf 76' lang='lat' dir='ltr'>minus</span> 
     </span>
     <span class='ocr_line' id='line_1_6' title="bbox 143 512 1708 564; baseline 0 -11"><span class='ocrx_word' id='word_1_52' title='bbox 143 517 412 554; x_wconf 84' lang='lat' dir='ltr'>distribuantur.</span> <span class='ocrx_word' id='word_1_53' title='bbox 467 515 584 552; x_wconf 86' lang='lat' dir='ltr'>Amor</span> <span class='ocrx_word' id='word_1_54' title='bbox 608 514 700 552; x_wconf 85' lang='lat' dir='ltr'>nihil</span> <span class='ocrx_word' id='word_1_55' title='bbox 726 514 846 564; x_wconf 83' lang='lat' dir='ltr'>magis</span> <span class='ocrx_word' id='word_1_56' title='bbox 875 519 1070 564; x_wconf 81' lang='lat' dir='ltr'>propterea</span> <span class='ocrx_word' id='word_1_57' title='bbox 1099 512 1324 558; x_wconf 77' lang='lat' dir='ltr'>distrahitur,</span> <span class='ocrx_word' id='word_1_58' title='bbox 1349 514 1495 552; x_wconf 83' lang='lat' dir='ltr'>etiamsi</span> <span class='ocrx_word' id='word_1_59' title='bbox 1521 515 1708 553; x_wconf 69' lang='lat' dir='ltr'>contrahi-</span> 
     </span>
     <span class='ocr_line' id='line_1_7' title="bbox 139 577 1707 630; baseline -0.001 -12"><span class='ocrx_word' id='word_1_60' title='bbox 139 587 197 618; x_wconf 86' lang='lat' dir='ltr'>tur</span> <span class='ocrx_word' id='word_1_61' title='bbox 219 580 417 630; x_wconf 81' lang='lat' dir='ltr'>paullulum</span> <span class='ocrx_word' id='word_1_62' title='bbox 446 579 626 617; x_wconf 85' lang='lat' dir='ltr'>scribendi</span> <span class='ocrx_word' id='word_1_63' title='bbox 655 578 825 616; x_wconf 86' lang='lat' dir='ltr'>officium.</span> <span class='ocrx_word' id='word_1_64' title='bbox 881 579 958 616; x_wconf 88' lang='lat' dir='ltr'>Vos</span> <span class='ocrx_word' id='word_1_65' title='bbox 982 577 1130 615; x_wconf 87' lang='lat' dir='ltr'>interim</span> <span class='ocrx_word' id='word_1_66' title='bbox 1157 591 1223 628; x_wconf 86' lang='lat' dir='ltr'>pro</span> <span class='ocrx_word' id='word_1_67' title='bbox 1250 578 1430 616; x_wconf 80' lang='lat' dir='ltr'>facilitate</span> <span class='ocrx_word' id='word_1_68' title='bbox 1457 587 1578 617; x_wconf 79' lang='lat' dir='ltr'>vestra</span> <span class='ocrx_word' id='word_1_69' title='bbox 1606 593 1707 617; x_wconf 84' lang='lat' dir='ltr'>com-</span> 
     </span>
     <span class='ocr_line' id='line_1_8' title="bbox 140 642 1708 694; baseline -0.001 -12"><span class='ocrx_word' id='word_1_70' title='bbox 140 657 287 682; x_wconf 87' lang='lat' dir='ltr'>munem</span> <span class='ocrx_word' id='word_1_71' title='bbox 310 644 405 681; x_wconf 79' lang='lat' dir='ltr'>inter</span> <span class='ocrx_word' id='word_1_72' title='bbox 430 657 494 681; x_wconf 88' lang='lat' dir='ltr'>vos</span> <span class='ocrx_word' id='word_1_73' title='bbox 522 643 729 694; x_wconf 88' lang='lat' dir='ltr'>epistolam,</span> <span class='ocrx_word' id='word_1_74' title='bbox 750 657 817 681; x_wconf 91' lang='lat' dir='ltr'>eeu</span> <span class='ocrx_word' id='word_1_75' title='bbox 838 642 975 693; x_wconf 78' lang='lat' dir='ltr'>pignus</span> <span class='ocrx_word' id='word_1_76' title='bbox 999 648 1036 680; x_wconf 86' lang='lat' dir='ltr'>et</span> <span class='ocrx_word' id='word_1_77' title='bbox 1062 643 1361 680; x_wconf 62' lang='grc' dir='ltr'>11101111111011111111Χ</span> <span class='ocrx_word' id='word_1_78' title='bbox 1388 644 1591 694; x_wconf 74' lang='lat' dir='ltr'>gratissimi</span> <span class='ocrx_word' id='word_1_79' title='bbox 1618 657 1708 694; x_wconf 81' lang='lat' dir='ltr'>erga</span> 
     </span>
     <span class='ocr_line' id='line_1_9' title="bbox 139 707 1707 759; baseline -0.002 -12"><span class='ocrx_word' id='word_1_80' title='bbox 139 722 203 747; x_wconf 75' lang='lat' dir='ltr'>vos</span> <span class='ocrx_word' id='word_1_81' title='bbox 229 708 351 754; x_wconf 89' lang='lat' dir='ltr'>studii,</span> <span class='ocrx_word' id='word_1_82' title='bbox 377 708 526 759; x_wconf 82' lang='lat' dir='ltr'>perinde</span> <span class='ocrx_word' id='word_1_83' title='bbox 551 708 731 759; x_wconf 77' lang='lat' dir='ltr'>partietis,</span> <span class='ocrx_word' id='word_1_84' title='bbox 757 722 799 746; x_wconf 87' lang='lat' dir='ltr'>ae</span> <span class='ocrx_word' id='word_1_85' title='bbox 820 708 849 745; x_wconf 84' lang='lat' dir='ltr'>si</span> <span class='ocrx_word' id='word_1_86' title='bbox 869 721 934 759; x_wconf 81' lang='lat' dir='ltr'>pro</span> <span class='ocrx_word' id='word_1_87' title='bbox 950 708 1051 759; x_wconf 75' lang='lat' dir='ltr'>justa</span> <span class='ocrx_word' id='word_1_88' title='bbox 1075 707 1186 745; x_wconf 88' lang='lat' dir='ltr'>officii</span> <span class='ocrx_word' id='word_1_89' title='bbox 1205 708 1347 745; x_wconf 85' lang='lat' dir='ltr'>ratione</span> <span class='ocrx_word' id='word_1_90' title='bbox 1373 709 1528 759; x_wconf 83' lang='lat' dir='ltr'>singulis</span> <span class='ocrx_word' id='word_1_91' title='bbox 1552 708 1707 746; x_wconf 74' lang='lat' dir='ltr'>seorsim</span> 
     </span>
     <span class='ocr_line' id='line_1_10' title="bbox 139 771 1703 826; baseline -0.004 -11"><span class='ocrx_word' id='word_1_92' title='bbox 139 780 376 826; x_wconf 72' lang='lat' dir='ltr'>accurateque</span> <span class='ocrx_word' id='word_1_93' title='bbox 403 772 686 824; x_wconf 77' lang='lat' dir='ltr'>respondissem.</span> <span class='ocrx_word' id='word_1_94' title='bbox 743 771 903 810; x_wconf 85' lang='lat' dir='ltr'>Posthac</span> <span class='ocrx_word' id='word_1_95' title='bbox 929 786 951 810; x_wconf 82' lang='lat' dir='ltr'>a</span> <span class='ocrx_word' id='word_1_96' title='bbox 978 771 1143 822; x_wconf 68' lang='lat' dir='ltr'>negotiis</span> <span class='ocrx_word' id='word_1_97' title='bbox 1171 772 1235 809; x_wconf 90' lang='lat' dir='ltr'>ubi</span> <span class='ocrx_word' id='word_1_98' title='bbox 1262 773 1345 822; x_wconf 86' lang='lat' dir='ltr'>plus</span> <span class='ocrx_word' id='word_1_99' title='bbox 1373 774 1597 811; x_wconf 84' lang='lat' dir='ltr'>concedetur</span> <span class='ocrx_word' id='word_1_100' title='bbox 1621 772 1703 815; x_wconf 85' lang='lat' dir='ltr'>otii,</span> 
     </span>
     <span class='ocr_line' id='line_1_11' title="bbox 139 837 1705 888; baseline -0.004 -9"><span class='ocrx_word' id='word_1_101' title='bbox 139 842 281 879; x_wconf 81' lang='lat' dir='ltr'>volente</span> <span class='ocrx_word' id='word_1_102' title='bbox 312 839 489 884; x_wconf 86' lang='lat' dir='ltr'>Domino,</span> <span class='ocrx_word' id='word_1_103' title='bbox 522 838 687 888; x_wconf 80' lang='lat' dir='ltr'>experiar</span> <span class='ocrx_word' id='word_1_104' title='bbox 719 837 748 875; x_wconf 89' lang='lat' dir='ltr'>si</span> <span class='ocrx_word' id='word_1_105' title='bbox 780 850 852 888; x_wconf 90' lang='lat' dir='ltr'>quo</span> <span class='ocrx_word' id='word_1_106' title='bbox 884 837 998 874; x_wconf 86' lang='lat' dir='ltr'>modo</span> <span class='ocrx_word' id='word_1_107' title='bbox 1031 837 1216 874; x_wconf 86' lang='lat' dir='ltr'>declarare</span> <span class='ocrx_word' id='word_1_108' title='bbox 1247 851 1392 888; x_wconf 80' lang='lat' dir='ltr'>queam,</span> <span class='ocrx_word' id='word_1_109' title='bbox 1428 838 1555 888; x_wconf 87' lang='lat' dir='ltr'>quanti</span> <span class='ocrx_word' id='word_1_110' title='bbox 1587 837 1705 887; x_wconf 76' lang='lat' dir='ltr'>Tigu—</span> 
     </span>
     <span class='ocr_line' id='line_1_12' title="bbox 136 901 1705 952; baseline -0.004 -9"><span class='ocrx_word' id='word_1_111' title='bbox 136 907 235 944; x_wconf 82' lang='lat' dir='ltr'>rinos</span> <span class='ocrx_word' id='word_1_112' title='bbox 274 904 424 948; x_wconf 87' lang='lat' dir='ltr'>amicos,</span> <span class='ocrx_word' id='word_1_113' title='bbox 462 901 533 939; x_wconf 90' lang='grc'>1100</span> <span class='ocrx_word' id='word_1_114' title='bbox 570 907 626 940; x_wconf 91' lang='lat' dir='ltr'>est</span> <span class='ocrx_word' id='word_1_115' title='bbox 662 907 858 939; x_wconf 85' lang='lat' dir='ltr'>veteranos</span> <span class='ocrx_word' id='word_1_116' title='bbox 892 914 996 938; x_wconf 88' lang='lat' dir='ltr'>meos</span> <span class='ocrx_word' id='word_1_117' title='bbox 1030 901 1208 951; x_wconf 80' lang='lat' dir='ltr'>hospites,</span> <span class='ocrx_word' id='word_1_118' title='bbox 1242 902 1388 945; x_wconf 86' lang='lat' dir='ltr'>faciam,</span> <span class='ocrx_word' id='word_1_119' title='bbox 1422 901 1705 952; x_wconf 79' lang='lat' dir='ltr'>haudquaquam</span> 
     </span>
     <span class='ocr_line' id='line_1_13' title="bbox 139 966 1704 1016; baseline -0.004 -9"><span class='ocrx_word' id='word_1_120' title='bbox 139 970 410 1013; x_wconf 88' lang='lat' dir='ltr'>commissurus,</span> <span class='ocrx_word' id='word_1_121' title='bbox 445 973 485 1004; x_wconf 89' lang='lat' dir='ltr'>ut</span> <span class='ocrx_word' id='word_1_122' title='bbox 520 967 558 1004; x_wconf 89' lang='lat' dir='ltr'>in</span> <span class='ocrx_word' id='word_1_123' title='bbox 591 966 663 1004; x_wconf 92' lang='grc'>1100</span> <span class='ocrx_word' id='word_1_124' title='bbox 697 966 902 1003; x_wconf 82' lang='lat' dir='ltr'>officiorum</span> <span class='ocrx_word' id='word_1_125' title='bbox 936 978 1086 1016; x_wconf 79' lang='lat' dir='ltr'>genere,</span> <span class='ocrx_word' id='word_1_126' title='bbox 1119 979 1202 1016; x_wconf 70' lang='lat' dir='ltr'>quze</span> <span class='ocrx_word' id='word_1_127' title='bbox 1236 967 1283 1003; x_wconf 78' lang='lat' dir='ltr'>ad</span> <span class='ocrx_word' id='word_1_128' title='bbox 1317 966 1520 1004; x_wconf 78' lang='lat' dir='ltr'>amicitiam</span> <span class='ocrx_word' id='word_1_129' title='bbox 1555 966 1704 1016; x_wconf 87' lang='lat' dir='ltr'>quidem</span> 
     </span>
     <span class='ocr_line' id='line_1_14' title="bbox 137 1030 1704 1083; baseline -0.003 -13"><span class='ocrx_word' id='word_1_130' title='bbox 137 1034 307 1078; x_wconf 84' lang='lat' dir='ltr'>attinent,</span> <span class='ocrx_word' id='word_1_131' title='bbox 333 1033 501 1083; x_wconf 82' lang='lat' dir='ltr'>cuiquam</span> <span class='ocrx_word' id='word_1_132' title='bbox 526 1036 688 1068; x_wconf 84' lang='lat' dir='ltr'>vestrum</span> <span class='ocrx_word' id='word_1_133' title='bbox 714 1030 842 1067; x_wconf 82' lang='lat' dir='ltr'>cedere</span> <span class='ocrx_word' id='word_1_134' title='bbox 864 1030 1000 1075; x_wconf 83' lang='lat' dir='ltr'>videar,</span> <span class='ocrx_word' id='word_1_135' title='bbox 1024 1030 1112 1067; x_wconf 87' lang='lat' dir='ltr'>licet</span> <span class='ocrx_word' id='word_1_136' title='bbox 1137 1030 1269 1067; x_wconf 85' lang='lat' dir='ltr'>ceteris</span> <span class='ocrx_word' id='word_1_137' title='bbox 1297 1030 1333 1066; x_wconf 91' lang='lat' dir='ltr'>in</span> <span class='ocrx_word' id='word_1_138' title='bbox 1362 1030 1470 1068; x_wconf 86' lang='lat' dir='ltr'>rebus</span> <span class='ocrx_word' id='word_1_139' title='bbox 1494 1030 1600 1067; x_wconf 83' lang='lat' dir='ltr'>vobis</span> <span class='ocrx_word' id='word_1_140' title='bbox 1625 1042 1704 1066; x_wconf 79' lang='lat' dir='ltr'>ces-</span> 
     </span>
     <span class='ocr_line' id='line_1_15' title="bbox 136 1094 1703 1146; baseline -0.004 -11"><span class='ocrx_word' id='word_1_141' title='bbox 136 1111 237 1135; x_wconf 79' lang='lat' dir='ltr'>surus</span> <span class='ocrx_word' id='word_1_142' title='bbox 265 1097 427 1134; x_wconf 85' lang='lat' dir='ltr'>libenter.</span> <span class='ocrx_word' id='word_1_143' title='bbox 495 1098 620 1145; x_wconf 82' lang='lat' dir='ltr'>Atque</span> <span class='ocrx_word' id='word_1_144' title='bbox 644 1094 724 1132; x_wconf 80' lang='lat' dir='ltr'>haec</span> <span class='ocrx_word' id='word_1_145' title='bbox 752 1094 944 1138; x_wconf 78' lang='lat' dir='ltr'>haetenus,</span> <span class='ocrx_word' id='word_1_146' title='bbox 971 1108 1049 1146; x_wconf 72' lang='lat' dir='ltr'>prae</span> <span class='ocrx_word' id='word_1_147' title='bbox 1076 1095 1184 1131; x_wconf 86' lang='lat' dir='ltr'>turba</span> <span class='ocrx_word' id='word_1_148' title='bbox 1210 1095 1496 1145; x_wconf 79' lang='lat' dir='ltr'>occupationum</span> <span class='ocrx_word' id='word_1_149' title='bbox 1524 1106 1703 1137; x_wconf 85' lang='lat' dir='ltr'>mearum,</span> 
     </span>
     <span class='ocr_line' id='line_1_16' title="bbox 137 1158 1703 1211; baseline -0.003 -12"><span class='ocrx_word' id='word_1_150' title='bbox 137 1162 183 1199; x_wconf 85' lang='lat' dir='ltr'>ad</span> <span class='ocrx_word' id='word_1_151' title='bbox 213 1174 276 1199; x_wconf 90' lang='lat' dir='ltr'>vos</span> <span class='ocrx_word' id='word_1_152' title='bbox 303 1161 492 1211; x_wconf 81' lang='lat' dir='ltr'>scripsisse</span> <span class='ocrx_word' id='word_1_153' title='bbox 525 1159 693 1204; x_wconf 81' lang='lat' dir='ltr'>sufficiat,</span> <span class='ocrx_word' id='word_1_154' title='bbox 721 1159 868 1196; x_wconf 81' lang='lat' dir='ltr'>tametsi</span> <span class='ocrx_word' id='word_1_155' title='bbox 897 1159 1095 1196; x_wconf 87' lang='lat' dir='ltr'>molestum</span> <span class='ocrx_word' id='word_1_156' title='bbox 1128 1165 1184 1196; x_wconf 83' lang='lat' dir='ltr'>est</span> <span class='ocrx_word' id='word_1_157' title='bbox 1213 1171 1421 1196; x_wconf 85' lang='lat' dir='ltr'>sermonem</span> <span class='ocrx_word' id='word_1_158' title='bbox 1455 1172 1538 1196; x_wconf 90' lang='grc'>011111</span> <span class='ocrx_word' id='word_1_159' title='bbox 1571 1158 1703 1208; x_wconf 58' lang='grc'>31101111-</span> 
     </span>
     <span class='ocr_line' id='line_1_17' title="bbox 137 1222 1704 1274; baseline -0.002 -12"><span class='ocrx_word' id='word_1_160' title='bbox 137 1225 294 1263; x_wconf 87' lang='lat' dir='ltr'>dissimis</span> <span class='ocrx_word' id='word_1_161' title='bbox 313 1225 496 1263; x_wconf 76' lang='lat' dir='ltr'>sodalibus</span> <span class='ocrx_word' id='word_1_162' title='bbox 515 1225 740 1274; x_wconf 88' lang='lat' dir='ltr'>abrumpere.</span> <span class='ocrx_word' id='word_1_163' title='bbox 790 1224 881 1268; x_wconf 86' lang='lat' dir='ltr'>Vos,</span> <span class='ocrx_word' id='word_1_164' title='bbox 903 1236 1046 1274; x_wconf 76' lang='lat' dir='ltr'>quaeso,</span> <span class='ocrx_word' id='word_1_165' title='bbox 1066 1224 1165 1274; x_wconf 68' lang='lat' dir='ltr'>{equi</span> <span class='ocrx_word' id='word_1_166' title='bbox 1188 1224 1352 1274; x_wconf 86' lang='lat' dir='ltr'>bonique</span> <span class='ocrx_word' id='word_1_167' title='bbox 1370 1223 1564 1261; x_wconf 84' lang='lat' dir='ltr'>consulite.</span> <span class='ocrx_word' id='word_1_168' title='bbox 1622 1222 1704 1259; x_wconf 88' lang='lat' dir='ltr'>Hu-</span> 
     </span>
     <span class='ocr_line' id='line_1_18' title="bbox 134 1287 1702 1340; baseline -0.002 -13"><span class='ocrx_word' id='word_1_169' title='bbox 134 1290 382 1328; x_wconf 63' lang='lat' dir='ltr'>inanissimam</span> <span class='ocrx_word' id='word_1_170' title='bbox 411 1289 587 1340; x_wconf 86' lang='lat' dir='ltr'>pietatem</span> <span class='ocrx_word' id='word_1_171' title='bbox 613 1294 770 1325; x_wconf 85' lang='lat' dir='ltr'>vestram</span> <span class='ocrx_word' id='word_1_172' title='bbox 798 1287 835 1324; x_wconf 88' lang='lat' dir='ltr'>in</span> <span class='ocrx_word' id='word_1_173' title='bbox 863 1287 941 1324; x_wconf 90' lang='lat' dir='ltr'>dies</span> <span class='ocrx_word' id='word_1_174' title='bbox 969 1288 1090 1337; x_wconf 75' lang='lat' dir='ltr'>magis</span> <span class='ocrx_word' id='word_1_175' title='bbox 1123 1302 1166 1325; x_wconf 84' lang='lat' dir='ltr'>ae</span> <span class='ocrx_word' id='word_1_176' title='bbox 1201 1288 1324 1338; x_wconf 81' lang='lat' dir='ltr'>magis</span> <span class='ocrx_word' id='word_1_177' title='bbox 1352 1288 1484 1325; x_wconf 84' lang='lat' dir='ltr'>florere</span> <span class='ocrx_word' id='word_1_178' title='bbox 1517 1287 1702 1325; x_wconf 86' lang='lat' dir='ltr'>faustissi-</span> 
     </span>
     <span class='ocr_line' id='line_1_19' title="bbox 136 1351 1702 1404; baseline -0.003 -13"><span class='ocrx_word' id='word_1_179' title='bbox 136 1367 267 1404; x_wconf 82' lang='lat' dir='ltr'>meque</span> <span class='ocrx_word' id='word_1_180' title='bbox 288 1354 405 1390; x_wconf 86' lang='lat' dir='ltr'>valere</span> <span class='ocrx_word' id='word_1_181' title='bbox 433 1353 472 1390; x_wconf 91' lang='lat' dir='ltr'>in</span> <span class='ocrx_word' id='word_1_182' title='bbox 497 1352 660 1390; x_wconf 89' lang='lat' dir='ltr'>Domino</span> <span class='ocrx_word' id='word_1_183' title='bbox 689 1357 826 1402; x_wconf 86' lang='lat' dir='ltr'>exopto</span> <span class='ocrx_word' id='word_1_184' title='bbox 854 1351 1063 1402; x_wconf 85' lang='lat' dir='ltr'>plurimum.</span> <span class='ocrx_word' id='word_1_185' title='bbox 1119 1352 1261 1390; x_wconf 80' lang='lat' dir='ltr'>Valete.</span> <span class='ocrx_word' id='word_1_186' title='bbox 1302 1352 1465 1402; x_wconf 79' lang='lat' dir='ltr'>Raptim.</span> <span class='ocrx_word' id='word_1_187' title='bbox 1487 1351 1702 1396; x_wconf 76' lang='lat' dir='ltr'>Nordovici,</span> 
     </span>
     <span class='ocr_line' id='line_1_20' title="bbox 138 1418 476 1461; baseline 0.006 -8"><span class='ocrx_word' id='word_1_188' title='bbox 138 1421 160 1453; x_wconf 84' lang='lat'><strong>9</strong></span> <span class='ocrx_word' id='word_1_189' title='bbox 190 1418 330 1461; x_wconf 81' lang='lat' dir='ltr'>Martii,</span> <span class='ocrx_word' id='word_1_190' title='bbox 363 1419 476 1456; x_wconf 78' lang='lat'>1561.</span> 
     </span>
    </p>

    <p class='ocr_par' dir='ltr' id='par_1_3' title="bbox 215 1480 1703 1532">
     <span class='ocr_line' id='line_1_21' title="bbox 215 1480 1703 1532; baseline -0.003 -12"><span class='ocrx_word' id='word_1_191' title='bbox 215 1482 271 1520; x_wconf 88' lang='lat' dir='ltr'>Mi</span> <span class='ocrx_word' id='word_1_192' title='bbox 297 1482 411 1526; x_wconf 82' lang='lat' dir='ltr'>Josia,</span> <span class='ocrx_word' id='word_1_193' title='bbox 440 1495 513 1532; x_wconf 80' lang='lat' dir='ltr'>ago</span> <span class='ocrx_word' id='word_1_194' title='bbox 537 1481 672 1531; x_wconf 76' lang='lat' dir='ltr'>gratias</span> <span class='ocrx_word' id='word_1_195' title='bbox 700 1494 766 1531; x_wconf 89' lang='lat' dir='ltr'>pro</span> <span class='ocrx_word' id='word_1_196' title='bbox 793 1481 888 1519; x_wconf 86' lang='lat' dir='ltr'>libro</span> <span class='ocrx_word' id='word_1_197' title='bbox 913 1481 1133 1532; x_wconf 77' lang='lat' dir='ltr'>Bullingeri,</span> <span class='ocrx_word' id='word_1_198' title='bbox 1158 1495 1265 1532; x_wconf 83' lang='lat' dir='ltr'>quem</span> <span class='ocrx_word' id='word_1_199' title='bbox 1295 1481 1479 1519; x_wconf 77' lang='lat' dir='ltr'>latinitate</span> <span class='ocrx_word' id='word_1_200' title='bbox 1500 1480 1644 1518; x_wconf 76' lang='lat' dir='ltr'>donasti</span> <span class='ocrx_word' id='word_1_201' title='bbox 1667 1487 1703 1516; x_wconf 85' lang='lat' dir='ltr'>ct</span> 
     </span>
    </p>
   </div>
   <div class='ocr_carea' id='block_1_3' title="bbox 140 1546 1160 1645">
    <p class='ocr_par' dir='ltr' id='par_1_4' title="bbox 140 1546 1160 1645">
     <span class='ocr_line' id='line_1_22' title="bbox 140 1546 841 1584; baseline 0.001 -1"><span class='ocrx_word' id='word_1_202' title='bbox 140 1547 184 1584; x_wconf 82' lang='lat' dir='ltr'>ad</span> <span class='ocrx_word' id='word_1_203' title='bbox 210 1559 269 1584; x_wconf 88' lang='lat' dir='ltr'>me</span> <span class='ocrx_word' id='word_1_204' title='bbox 295 1547 438 1584; x_wconf 86' lang='lat' dir='ltr'>misisti.</span> <span class='ocrx_word' id='word_1_205' title='bbox 495 1546 582 1583; x_wconf 86' lang='lat' dir='ltr'>Mea</span> <span class='ocrx_word' id='word_1_206' title='bbox 607 1559 673 1584; x_wconf 85' lang='lat' dir='ltr'>vos</span> <span class='ocrx_word' id='word_1_207' title='bbox 701 1558 841 1584; x_wconf 87' lang='lat' dir='ltr'>omnes.</span> 
     </span>
     <span class='ocr_line' id='line_1_23' title="bbox 1016 1600 1160 1645; baseline 0 -8"><span class='ocrx_word' id='word_1_208' title='bbox 1016 1600 1160 1645; x_wconf 80' lang='lat' dir='ltr'>Vester,</span> 
     </span>
    </p>
   </div>
   <div class='ocr_carea' id='block_1_4' title="bbox 217 1675 1649 2096">
    <p class='ocr_par' dir='ltr' id='par_1_5' title="bbox 217 1675 1649 2096">
     <span class='ocr_line' id='line_1_24' title="bbox 913 1675 1649 1719; baseline 0.004 -6"><span class='ocrx_word' id='word_1_209' title='bbox 913 1675 1202 1714; x_wconf 77' lang='lat' dir='ltr'><strong>JOHANNES</strong></span> <span class='ocrx_word' id='word_1_210' title='bbox 1239 1675 1649 1719; x_wconf 67' lang='lat' dir='ltr'>PARKHL&#39;RSTUS,</span> 
     </span>
     <span class='ocr_line' id='line_1_25' title="bbox 1173 1740 1476 1779; baseline 0 -1"><span class='ocrx_word' id='word_1_211' title='bbox 1173 1740 1476 1779; x_wconf 72' lang='lat' dir='ltr'>Nordovicensis.</span> 
     </span>
     <span class='ocr_line' id='line_1_26' title="bbox 391 1803 640 1829; baseline 0 0"><span class='ocrx_word' id='word_1_212' title='bbox 391 1803 640 1829; x_wconf 71' lang='lat' dir='ltr'>lecRff&#39;rlo.</span> 
     </span>
     <span class='ocr_line' id='line_1_27' title="bbox 217 1857 880 1898; baseline -0.002 -4"><span class='ocrx_word' id='word_1_213' title='bbox 217 1858 375 1894; x_wconf 61' lang='lat' dir='ltr'>Eximiis</span> <span class='ocrx_word' id='word_1_214' title='bbox 396 1858 482 1893; x_wconf 72' lang='lat' dir='ltr'>viris</span> <span class='ocrx_word' id='word_1_215' title='bbox 502 1858 549 1894; x_wconf 90' lang='lat' dir='ltr'>D.</span> <span class='ocrx_word' id='word_1_216' title='bbox 571 1857 686 1893; x_wconf 63' lang='lat' dir='ltr'>Joslae</span> <span class='ocrx_word' id='word_1_217' title='bbox 707 1857 880 1898; x_wconf 76' lang='lat' dir='ltr'>Simlero,</span> 
     </span>
     <span class='ocr_line' id='line_1_28' title="bbox 293 1921 881 1968; baseline -0.002 -11"><span class='ocrx_word' id='word_1_218' title='bbox 293 1922 340 1957; x_wconf 89' lang='lat' dir='ltr'>D.</span> <span class='ocrx_word' id='word_1_219' title='bbox 361 1921 531 1957; x_wconf 77' lang='lat' dir='ltr'>Jolzamzz‘</span> <span class='ocrx_word' id='word_1_220' title='bbox 551 1921 740 1968; x_wconf 72' lang='lat' dir='ltr'>Wolphio,</span> <span class='ocrx_word' id='word_1_221' title='bbox 771 1925 805 1957; x_wconf 79' lang='lat' dir='ltr'>ct</span> <span class='ocrx_word' id='word_1_222' title='bbox 833 1922 881 1957; x_wconf 82' lang='lat' dir='ltr'>D.</span> 
     </span>
     <span class='ocr_line' id='line_1_29' title="bbox 291 1985 718 2022; baseline 0 -1"><span class='ocrx_word' id='word_1_223' title='bbox 291 1986 483 2022; x_wconf 74' lang='lat' dir='ltr'>Ludovico</span> <span class='ocrx_word' id='word_1_224' title='bbox 512 1985 718 2021; x_wconf 72' lang='lat' dir='ltr'>Lavatero.</span> 
     </span>
     <span class='ocr_line' id='line_1_30' title="bbox 502 2048 647 2096; baseline 0 -12"><span class='ocrx_word' id='word_1_225' title='bbox 502 2048 647 2096; x_wconf 77' lang='lat' dir='ltr'>Tigurz&#39;.</span> 
     </span>
    </p>
   </div>
   <div class='ocr_carea' id='block_1_5' title="bbox 698 2294 1134 2338">
    <p class='ocr_par' dir='ltr' id='par_1_6' title="bbox 698 2294 1134 2338">
     <span class='ocr_line' id='line_1_31' title="bbox 698 2294 1134 2338; baseline 0.005 -3"><span class='ocrx_word' id='word_1_226' title='bbox 698 2294 995 2336; x_wconf 76' lang='lat' dir='ltr'>EPISTOLA</span> <span class='ocrx_word' id='word_1_227' title='bbox 1035 2296 1134 2338; x_wconf 78' lang='lat' dir='ltr'>XL.</span> 
     </span>
    </p>
   </div>
   <div class='ocr_carea' id='block_1_6' title="bbox 365 2434 1463 2471">
    <p class='ocr_par' dir='ltr' id='par_1_7' title="bbox 365 2434 1463 2471">
     <span class='ocr_line' id='line_1_32' title="bbox 365 2434 1463 2471; baseline 0.005 -7"><span class='ocrx_word' id='word_1_228' title='bbox 365 2434 618 2466; x_wconf 75' lang='lat' dir='ltr'>JOHANNES</span> <span class='ocrx_word' id='word_1_229' title='bbox 646 2437 855 2469; x_wconf 73' lang='lat' dir='ltr'>JUELLUS</span> <span class='ocrx_word' id='word_1_230' title='bbox 883 2439 951 2470; x_wconf 75' lang='lat' dir='ltr'>AD</span> <span class='ocrx_word' id='word_1_231' title='bbox 981 2440 1159 2471; x_wconf 62' lang='lat' dir='ltr'><strong>JOSIAM</strong></span> <span class='ocrx_word' id='word_1_232' title='bbox 1191 2439 1463 2470; x_wconf 75' lang='lat' dir='ltr'><strong>SIMLERUM.</strong></span> 
     </span>
    </p>
   </div>
   <div class='ocr_carea' id='block_1_7' title="bbox 141 2502 1702 2940">
    <p class='ocr_par' dir='ltr' id='par_1_8' title="bbox 141 2502 1702 2940">
     <span class='ocr_line' id='line_1_33' title="bbox 219 2502 1700 2560; baseline 0.005 -22"><span class='ocrx_word' id='word_1_233' title='bbox 219 2502 254 2539; x_wconf 85' lang='lat' dir='ltr'>S.</span> <span class='ocrx_word' id='word_1_234' title='bbox 277 2502 347 2539; x_wconf 84' lang='lat' dir='ltr'>PL.</span> <span class='ocrx_word' id='word_1_235' title='bbox 394 2503 427 2540; x_wconf 95' lang='lat' dir='ltr'>O</span> <span class='ocrx_word' id='word_1_236' title='bbox 447 2504 497 2540; x_wconf 89' lang='lat' dir='ltr'>mi</span> <span class='ocrx_word' id='word_1_237' title='bbox 522 2505 637 2551; x_wconf 81' lang='lat' dir='ltr'>Josia,</span> <span class='ocrx_word' id='word_1_238' title='bbox 662 2520 749 2556; x_wconf 83' lang='lat' dir='ltr'>quas</span> <span class='ocrx_word' id='word_1_239' title='bbox 769 2521 841 2558; x_wconf 81' lang='lat' dir='ltr'>ego</span> <span class='ocrx_word' id='word_1_240' title='bbox 860 2522 957 2547; x_wconf 87' lang='grc'>1111110</span> <span class='ocrx_word' id='word_1_241' title='bbox 983 2523 1093 2559; x_wconf 78' lang='lat' dir='ltr'>agam</span> <span class='ocrx_word' id='word_1_242' title='bbox 1122 2510 1287 2560; x_wconf 77' lang='lat' dir='ltr'>gratias?</span> <span class='ocrx_word' id='word_1_243' title='bbox 1343 2509 1505 2547; x_wconf 80' lang='lat' dir='ltr'>Libellus</span> <span class='ocrx_word' id='word_1_244' title='bbox 1524 2509 1584 2545; x_wconf 89' lang='lat' dir='ltr'>ille</span> <span class='ocrx_word' id='word_1_245' title='bbox 1604 2514 1700 2551; x_wconf 85' lang='lat' dir='ltr'>tuus,</span> 
     </span>
     <span class='ocr_line' id='line_1_34' title="bbox 142 2565 1701 2624; baseline 0.006 -23"><span class='ocrx_word' id='word_1_246' title='bbox 142 2565 295 2615; x_wconf 83' lang='lat' dir='ltr'>primum</span> <span class='ocrx_word' id='word_1_247' title='bbox 324 2566 375 2602; x_wconf 81' lang='lat' dir='ltr'>ita</span> <span class='ocrx_word' id='word_1_248' title='bbox 395 2567 453 2616; x_wconf 90' lang='lat' dir='ltr'>pie</span> <span class='ocrx_word' id='word_1_249' title='bbox 481 2574 518 2605; x_wconf 89' lang='lat' dir='ltr'>et</span> <span class='ocrx_word' id='word_1_250' title='bbox 544 2569 651 2606; x_wconf 87' lang='lat' dir='ltr'>docte</span> <span class='ocrx_word' id='word_1_251' title='bbox 679 2571 846 2620; x_wconf 81' lang='lat' dir='ltr'>scriptus,</span> <span class='ocrx_word' id='word_1_252' title='bbox 875 2573 1007 2610; x_wconf 86' lang='lat' dir='ltr'>deinde</span> <span class='ocrx_word' id='word_1_253' title='bbox 1035 2588 1057 2611; x_wconf 86' lang='lat' dir='ltr'>a</span> <span class='ocrx_word' id='word_1_254' title='bbox 1082 2580 1119 2610; x_wconf 89' lang='lat' dir='ltr'>tc</span> <span class='ocrx_word' id='word_1_255' title='bbox 1148 2575 1197 2611; x_wconf 83' lang='lat' dir='ltr'>ita</span> <span class='ocrx_word' id='word_1_256' title='bbox 1226 2575 1416 2624; x_wconf 75' lang='lat' dir='ltr'>eleganter</span> <span class='ocrx_word' id='word_1_257' title='bbox 1443 2580 1480 2610; x_wconf 82' lang='lat' dir='ltr'>ot</span> <span class='ocrx_word' id='word_1_258' title='bbox 1506 2573 1701 2610; x_wconf 83' lang='lat' dir='ltr'>commode</span> 
     </span>
     <span class='ocr_line' id='line_1_35' title="bbox 141 2630 1702 2688; baseline 0.004 -21"><span class='ocrx_word' id='word_1_259' title='bbox 141 2630 313 2674; x_wconf 85' lang='lat' dir='ltr'>redditus,</span> <span class='ocrx_word' id='word_1_260' title='bbox 341 2637 417 2667; x_wconf 89' lang='lat' dir='ltr'>erat</span> <span class='ocrx_word' id='word_1_261' title='bbox 442 2632 530 2669; x_wconf 89' lang='lat' dir='ltr'>mihi</span> <span class='ocrx_word' id='word_1_262' title='bbox 558 2639 711 2684; x_wconf 81' lang='lat' dir='ltr'>utroque</span> <span class='ocrx_word' id='word_1_263' title='bbox 742 2637 893 2674; x_wconf 86' lang='lat' dir='ltr'>nomine</span> <span class='ocrx_word' id='word_1_264' title='bbox 927 2638 1168 2687; x_wconf 77' lang='lat' dir='ltr'>gratissimus.</span> <span class='ocrx_word' id='word_1_265' title='bbox 1226 2638 1367 2675; x_wconf 83' lang='lat' dir='ltr'>Felices</span> <span class='ocrx_word' id='word_1_266' title='bbox 1394 2651 1471 2682; x_wconf 76' lang='lat' dir='ltr'>vos,</span> <span class='ocrx_word' id='word_1_267' title='bbox 1502 2637 1632 2688; x_wconf 84' lang='lat' dir='ltr'>quibus</span> <span class='ocrx_word' id='word_1_268' title='bbox 1664 2644 1702 2673; x_wconf 89' lang='lat' dir='ltr'>et</span> 
     </span>
     <span class='ocr_line' id='line_1_36' title="bbox 142 2693 1702 2753; baseline 0.006 -23"><span class='ocrx_word' id='word_1_269' title='bbox 142 2694 293 2730; x_wconf 79' lang='lat' dir='ltr'>facultas</span> <span class='ocrx_word' id='word_1_270' title='bbox 321 2693 538 2741; x_wconf 87' lang='lat' dir='ltr'>istiusmodi,</span> <span class='ocrx_word' id='word_1_271' title='bbox 569 2703 605 2733; x_wconf 89' lang='lat' dir='ltr'>et</span> <span class='ocrx_word' id='word_1_272' title='bbox 632 2698 836 2748; x_wconf 81' lang='lat' dir='ltr'>ingenium,</span> <span class='ocrx_word' id='word_1_273' title='bbox 867 2707 904 2737; x_wconf 90' lang='lat' dir='ltr'>et</span> <span class='ocrx_word' id='word_1_274' title='bbox 934 2702 1051 2738; x_wconf 86' lang='lat' dir='ltr'>otium</span> <span class='ocrx_word' id='word_1_275' title='bbox 1083 2702 1231 2753; x_wconf 80' lang='lat' dir='ltr'>obtigit.</span> <span class='ocrx_word' id='word_1_276' title='bbox 1292 2703 1373 2741; x_wconf 86' lang='lat' dir='ltr'>Nos</span> <span class='ocrx_word' id='word_1_277' title='bbox 1403 2715 1501 2743; x_wconf 80' lang='lat' dir='ltr'>vero,</span> <span class='ocrx_word' id='word_1_278' title='bbox 1532 2703 1593 2752; x_wconf 86' lang='lat' dir='ltr'>qui</span> <span class='ocrx_word' id='word_1_279' title='bbox 1629 2701 1702 2739; x_wconf 82' lang='lat' dir='ltr'>ista</span> 
     </span>
     <span class='ocr_line' id='line_1_37' title="bbox 141 2758 1701 2816; baseline 0.007 -24"><span class='ocrx_word' id='word_1_280' title='bbox 141 2770 215 2793; x_wconf 89' lang='lat' dir='ltr'>non</span> <span class='ocrx_word' id='word_1_281' title='bbox 247 2769 450 2806; x_wconf 85' lang='lat' dir='ltr'>possumus,</span> <span class='ocrx_word' id='word_1_282' title='bbox 477 2758 596 2796; x_wconf 82' lang='lat' dir='ltr'>faeere</span> <span class='ocrx_word' id='word_1_283' title='bbox 627 2766 752 2798; x_wconf 83' lang='lat' dir='ltr'>tamen</span> <span class='ocrx_word' id='word_1_284' title='bbox 779 2763 817 2799; x_wconf 83' lang='lat' dir='ltr'>id</span> <span class='ocrx_word' id='word_1_285' title='bbox 845 2776 990 2814; x_wconf 77' lang='lat' dir='ltr'>aequum</span> <span class='ocrx_word' id='word_1_286' title='bbox 1019 2771 1087 2810; x_wconf 88' lang='lat' dir='ltr'>est,</span> <span class='ocrx_word' id='word_1_287' title='bbox 1121 2767 1219 2816; x_wconf 87' lang='lat' dir='ltr'>quod</span> <span class='ocrx_word' id='word_1_288' title='bbox 1246 2773 1429 2816; x_wconf 82' lang='lat' dir='ltr'>putamus.</span> <span class='ocrx_word' id='word_1_289' title='bbox 1487 2766 1619 2816; x_wconf 82' lang='lat' dir='ltr'>Perge,</span> <span class='ocrx_word' id='word_1_290' title='bbox 1649 2767 1701 2803; x_wconf 87' lang='lat' dir='ltr'>mi</span> 
     </span>
     <span class='ocr_line' id='line_1_38' title="bbox 142 2819 1699 2881; baseline 0.007 -26"><span class='ocrx_word' id='word_1_291' title='bbox 142 2820 258 2865; x_wconf 86' lang='lat' dir='ltr'>Josia,</span> <span class='ocrx_word' id='word_1_292' title='bbox 281 2819 375 2858; x_wconf 88' lang='lat' dir='ltr'>hunc</span> <span class='ocrx_word' id='word_1_293' title='bbox 395 2821 556 2859; x_wconf 88' lang='lat' dir='ltr'>animum</span> <span class='ocrx_word' id='word_1_294' title='bbox 581 2824 633 2860; x_wconf 90' lang='lat' dir='ltr'>ita</span> <span class='ocrx_word' id='word_1_295' title='bbox 658 2824 890 2871; x_wconf 88' lang='lat' dir='ltr'>instructum,</span> <span class='ocrx_word' id='word_1_296' title='bbox 914 2828 966 2865; x_wconf 87' lang='lat' dir='ltr'>ita</span> <span class='ocrx_word' id='word_1_297' title='bbox 986 2835 1170 2876; x_wconf 83' lang='lat' dir='ltr'>ornatum,</span> <span class='ocrx_word' id='word_1_298' title='bbox 1190 2831 1285 2880; x_wconf 77' lang='lat' dir='ltr'>quod</span> <span class='ocrx_word' id='word_1_299' title='bbox 1311 2830 1400 2868; x_wconf 81' lang='lat' dir='ltr'>facis</span> <span class='ocrx_word' id='word_1_300' title='bbox 1427 2837 1462 2868; x_wconf 79' lang='lat' dir='ltr'>et</span> <span class='ocrx_word' id='word_1_301' title='bbox 1483 2830 1699 2881; x_wconf 80' lang='lat' dir='ltr'>jamdudum</span> 
     </span>
     <span class='ocr_line' id='line_1_39' title="bbox 144 2884 965 2940; baseline 0.012 -21"><span class='ocrx_word' id='word_1_302' title='bbox 144 2895 279 2934; x_wconf 78' lang='lat' dir='ltr'>magna</span> <span class='ocrx_word' id='word_1_303' title='bbox 307 2897 387 2921; x_wconf 88' lang='lat' dir='ltr'>cum</span> <span class='ocrx_word' id='word_1_304' title='bbox 416 2884 535 2931; x_wconf 82' lang='lat' dir='ltr'>laude,</span> <span class='ocrx_word' id='word_1_305' title='bbox 563 2888 683 2926; x_wconf 78' lang='lat' dir='ltr'>‹licare</span> <span class='ocrx_word' id='word_1_306' title='bbox 712 2891 850 2940; x_wconf 83' lang='lat' dir='ltr'>templo</span> <span class='ocrx_word' id='word_1_307' title='bbox 879 2892 965 2929; x_wconf 89' lang='lat' dir='ltr'>Dei.</span> 
     </span>
    </p>
   </div>
   <div class='ocr_carea' id='block_1_8' title="bbox 757 2972 1070 3011">
    <p class='ocr_par' dir='ltr' id='par_1_9' title="bbox 757 2972 1070 3011">
     <span class='ocr_line' id='line_1_40' title="bbox 757 2972 1070 3011; baseline 0.013 -11"><span class='ocrx_word' id='word_1_308' title='bbox 757 2972 777 3008; x_wconf 76' lang='lat'>[¹</span> <span class='ocrx_word' id='word_1_309' title='bbox 798 2974 858 3001; x_wconf 80' lang='lat' dir='ltr'>MS.</span> <span class='ocrx_word' id='word_1_310' title='bbox 880 2976 1070 3011; x_wconf 61' lang='lat' dir='ltr'>momentum]</span> 
     </span>
    </p>
   </div>
  </div>
 </body>
</html>
