1845 3233
101 145 232 203 xcvl.]
565 162 618 187 AD
654 160 864 188 HENRICUM
900 156 1200 185 DULLINGERUM.
1593 137 1678 179 143

100 288 186 312 nem
227 274 332 312 duxit
372 274 532 320 viduam,
571 275 649 327 ipse
685 274 956 326 octogesimum
992 273 1069 311 fere
1105 284 1222 322 agens
1266 281 1418 307 annum.
1495 266 1680 305 Dominus

100 352 245 390 quoque
276 339 403 386 colus
436 341 497 392 qui
524 347 604 378 tum
637 341 814 391 temporis
843 340 882 377 in
916 337 1115 376 Germania
1147 336 1260 373 etiam
1301 334 1389 371 exul
1421 338 1499 370 erat
1529 337 1682 383 propter

100 404 284 454 evangelii
314 405 632 456 praedicationem,
662 405 794 443 eodem
822 404 897 442 fere
928 409 1096 453 tempore
1130 399 1271 450 angina
1303 399 1472 436 laborans
1503 397 1678 441 secundo,

100 473 300 519 postquam
326 475 510 520 aegrotare
534 476 708 522 coeperat,
740 469 799 507 die
826 468 930 506 obiit.
985 465 1287 505 Archidiaconus
1315 463 1484 502 Essexiae
1503 461 1680 499 dioecesis

103 532 352 572 Londinensis
380 535 592 581 comitatus,
623 535 654 573 is
681 534 760 586 ipse
789 539 874 572 ante
903 545 1071 572 mensem
1100 542 1214 568 unum
1246 534 1310 566 aut
1342 527 1434 565 duos
1466 528 1680 578 priusquam

103 602 270 636 mortuus
290 605 369 636 erat
389 600 437 637 ad
465 600 698 638 Decanatum
727 597 1007 637 Sarisburiensis
1039 595 1210 633 ecelesiae
1241 592 1459 631 cathedralis
1492 592 1682 643 praelatus,

104 661 277 712 migravit
292 662 352 701 hic
370 664 543 710 Londini,
559 665 704 710 eodem,
722 664 777 701 uti
791 663 916 708 fertur,
936 662 996 700 die
1015 666 1079 698 aut
1097 659 1229 710 pridie,
1246 670 1319 708 quo
1334 657 1495 695 decrevit
1511 656 1685 695 Londino

106 726 348 766 Sarisburiam
371 741 495 767 versus
523 729 568 767 ad
596 729 852 768 inductionem
878 725 1130 778 recipiendam
1158 722 1288 761 multis
1313 722 1515 760 comitatus
1539 720 1686 759 famulis

109 795 145 827 ct
163 792 293 831 amicis
311 793 508 844 proficisci.
565 793 627 832 Sic

372 897 552 936 “Omnia
582 903 668 936 sunt
695 896 890 935 hominum
917 894 1022 933 tenui
1052 891 1254 945 pendentia
1282 890 1358 936 filo,

492 963 542 1001 Et
570 963 692 1001 subito
721 974 823 1009 casu,
853 974 939 1013 quae
966 960 1127 1006 valuere,
1155 955 1304 995 ruunt.'’

189 1066 403 1120 Antequam
434 1068 502 1106 has
532 1068 657 1107 literas
689 1073 788 1106 totas
821 1066 1061 1119 perfeceram,
1094 1065 1221 1103 omnia
1252 1062 1435 1116 praedicta
1468 1057 1691 1110 exemplaria

112 1133 376 1185 manuscripta,
404 1139 441 1171 et
465 1133 627 1184 reliquos
650 1133 762 1171 libros
789 1145 919 1170 omnes
945 1129 1122 1182 praefatos
1146 1130 1359 1180 impressos,
1379 1123 1692 1165 reverendissimis

113 1197 310 1249 episcopis,
326 1198 459 1249 quibus
474 1198 638 1249 inscripti
656 1204 773 1244 erant,
789 1197 924 1235 tradidi
943 1210 986 1234 ac
1001 1196 1081 1247 jam
1098 1195 1204 1233 reddi
1222 1200 1324 1232 certo
1345 1191 1468 1231 curavi
1483 1204 1490 1228 :
1512 1201 1692 1241 speroque

113 1275 178 1300 eos
207 1263 307 1301 brevi
338 1264 385 1301 ad
415 1269 516 1301 tuam
546 1262 816 1301 humanitatem
844 1261 1099 1314 rescripturos.
1169 1258 1346 1304 Londini,
1378 1260 1426 1294 27
1461 1255 1565 1301 Julii,
1596 1265 1693 1291 anno

118 1329 229 1365 1571.
285 1328 390 1375 Vale,
420 1328 471 1366 mi
499 1329 648 1367 domine
676 1327 951 1372 colendissime,
979 1326 1019 1363 in
1047 1324 1200 1363 Christo
1230 1324 1425 1362 Servatore
1451 1327 1591 1358 nostro.

670 1423 772 1461 Tuus
800 1436 847 1460 ex
875 1424 1014 1467 animo,
1044 1433 1155 1472 quem
1183 1417 1294 1464 nosti,
1322 1416 1483 1468 Anglus,

1086 1511 1385 1566 (RICARDUS
1416 1506 1643 1556 HILLES.)

195 1614 255 1666 (P.
273 1615 332 1667 S.)
353 1617 400 1652 31
421 1615 445 1653 J
448 1615 525 1654 ulii.
583 1615 796 1666 Obsignata
808 1615 887 1666 jam
905 1613 1065 1666 epistola
1082 1626 1179 1658 mea,
1198 1611 1273 1650 vidi
1292 1617 1329 1649 et
1344 1607 1485 1661 perlegi
1502 1605 1697 1658 epistolam

116 1685 220 1717 tuam
248 1680 295 1718 ad
323 1680 647 1719 reverendissimos
676 1686 749 1718 tres
781 1679 977 1732 episcopos
1004 1677 1294 1730 (Eboracensem
1324 1674 1476 1719 scilicet,
1507 1671 1697 1710 Eliensem

119 1750 156 1783 et
180 1744 507 1797 sarisburiensem)
531 1747 610 1797 jam
634 1746 864 1797 impressam,
890 1750 1003 1795 atque
1031 1742 1202 1794 praedicti
1227 1740 1363 1779 laboris
1393 1738 1447 1776 tui
1474 1736 1541 1786 (de
1568 1747 1698 1773 manu-

119 1809 255 1860 scripto
284 1810 348 1848 illo
375 1817 442 1849 tuo
471 1810 683 1862 exemplari,
715 1810 816 1862 quod
849 1809 1003 1847 domino
1039 1807 1182 1846 Eliensi
1211 1806 1387 1857 episcopo
1416 1801 1564 1847 misisti,
1591 1799 1698 1838 intel-

119 1873 217 1923 ligo)
246 1875 405 1928 priorem
434 1883 576 1927 partem
602 1876 681 1927 jam
711 1875 940 1926 impressam.
998 1874 1048 1911 Et
1076 1872 1209 1910 certior
1236 1871 1355 1908 factus
1386 1881 1481 1911 sum,
1516 1864 1700 1904 nonnulla

120 1939 232 1976 etiam
252 1940 324 1977 alia
335 1941 413 1991 jam
434 1941 612 1991 impressa
637 1954 716 1978 esse
740 1939 831 1977 folia
849 1939 1016 1990 ejusdem
1043 1937 1183 1988 operis:
1213 1935 1305 1973 adeo
1324 1940 1367 1971 ut
1388 1945 1500 1983 quam
1519 1929 1699 1969 citissime

120 2003 341 2054 impressum
366 2005 436 2043 erit
458 2011 578 2043 totum
597 2005 689 2042 illud
714 2004 902 2055 exemplar
919 2009 1025 2041 tuum
1046 2000 1350 2050 manuscriptum,
1373 2003 1484 2048 atque
1511 1995 1550 2033 in
1575 1992 1697 2045 publi-

121 2082 206 2107 cum
234 2070 410 2121 prodibit.

643 2329 940 2373 EPISTOLA
982 2326 1176 2369 XCVII.

300 2506 542 2539 RICARDUS
575 2507 728 2540 COXUS
759 2506 827 2537 AD
857 2500 1115 2536 HENRICUM
1146 2491 1520 2530 BULLINGERUM.

208 2587 519 2625 VEHEMEN‘rr-:R
542 2596 602 2620 me
622 2580 851 2618 delectarunt
872 2580 949 2612 tuae
969 2573 1101 2616 literae,
1126 2569 1236 2607 frater
1254 2567 1292 2604 in
1313 2563 1466 2602 Christo
1484 2558 1696 2599 carissime:

124 2665 186 2690 eas
213 2666 300 2690 vero
331 2651 451 2700 recepi
482 2662 559 2686 non
589 2652 674 2684 ante
703 2654 868 2681 mensem
901 2638 1006 2677 Junii
1037 2636 1112 2674 fere
1145 2633 1345 2683 expletum.
1412 2625 1552 2676 Recepi
1584 2623 1697 2661 ctiam

123 2730 196 2754 una
221 2717 312 2754 duos
343 2715 500 2759 libellos,
525 2713 680 2750 alterum
700 2714 828 2747 contra
851 2702 1035 2743 Johannis
1061 2698 1205 2738 Brentii
1230 2699 1509 2736 testamentum,
1536 2687 1698 2727 hominis

125 2781 320 2832 multiplici
352 2793 472 2817 errore
500 2774 724 2815 dementati:
751 2772 838 2810 huic
865 2770 944 2820 ejus
973 2765 1084 2805 errori
1112 2762 1266 2801 subinde
1289 2757 1450 2811 serpenti
1480 2756 1577 2794 viam
1605 2759 1696 2790 tem-

125 2846 265 2895 pestive
284 2843 514 2884 obstruxisti.
568 2841 675 2879 Alter
694 2844 751 2876 cst
774 2834 940 2874 defensio
965 2829 1216 2870 munitissima
1234 2832 1362 2864 contra
1381 2821 1577 2860 terrificam
1597 2817 1697 2855 illam

124 2910 272 2955 bullam,
301 2910 431 2961 quavis
456 2908 553 2946 bulla
577 2905 789 2943 vaniorem:
827 2901 866 2939 in
896 2911 970 2951 qua
997 2897 1050 2934 ita
1075 2898 1262 2932 auctorem
1286 2886 1480 2940 jugulasti,
1509 2891 1551 2922 ut
1577 2881 1698 2920 nullus

123 2975 282 3027 supersit
317 2974 430 3013 libere
466 2970 628 3024 spirandi
666 2968 814 3007 halitus.
890 2963 1055 3002 Multum
1091 2958 1159 2997 tibi
1204 2955 1379 2995 debemus
1416 2963 1559 2996 omnes,
1602 2944 1699 2998 quod
