1845 3233
152 155 176 192 [Ο

443 167 601 192 THOMAS
635 165 811 191 SAMPSON
846 166 900 190 AD
934 165 1096 190 PETRUM
1125 163 1364 188 MARTYREM.
1567 147 1711 204 [EPIST.

229 281 371 318 Litcras
388 285 470 316 tuas
488 280 534 316 ad
554 280 747 316 Heton‘um
766 277 874 314 mitte
891 290 898 313 τ
925 277 985 314 ille
1011 277 1153 314 curabit
1181 277 1228 313 ad
1250 289 1311 313 me
1328 275 1530 313 transferri.
1585 275 1711 313 Caete-

147 357 226 382 rum
259 350 296 380 te
321 357 385 393 per
411 344 599 380 Christum
625 355 729 391 rogo,
759 347 800 378 ut
828 346 966 391 quanta
996 340 1136 390 poteris
1166 339 1385 377 festinantia
1417 340 1565 377 scribas.
1623 341 1710 390 Ego

147 409 246 446 brevi
263 409 377 445 iturus
395 421 475 444 sum
493 420 616 444 vorsus
635 405 823 456 Angliam.
881 404 1074 441 Habemus
1093 403 1268 454 papistaS,
1289 404 1553 454 anabaptistas,
1576 410 1613 441 et
1631 405 1710 454 plu-

147 472 257 509 rimos
277 471 507 521 evangelicos
526 470 751 507 adversarios
771 474 808 506 et
832 468 1014 505 doctrinae
1033 473 1070 504 et
1087 468 1162 517 piae
1180 467 1457 506 reformationi:
1496 474 1623 506 contra
1641 468 1710 505 hos

145 542 186 573 ut
213 541 358 573 tueatur
383 535 539 585 gloriam
566 533 717 578 Christi,
743 537 1032 582 promoveatque
1049 531 1225 569 vexillum
1245 530 1397 576 Christi,
1420 533 1503 583 quis
1522 532 1708 570 idoneus?

148 600 181 635 0
209 599 260 636 1111
287 605 402 650 pater,
431 612 497 649 pro
522 611 583 634 me
608 610 701 646 roga
728 597 851 634 Deum
879 596 1117 634 incessanter.

1145 672 1248 710 Tuus
1275 678 1389 716 totus,

311 750 570 778 INSCRIPTIO.
1219 736 1307 774 TH.
1339 735 1600 776 SAMPSON.

223 808 440 845 Clarissimo
468 807 564 849 viro,
594 805 644 840 D.
657 805 705 841 D.

326 873 441 908 Petro
467 870 651 917 Μαι-1911.

450 935 598 982 Tiguri.

718 1142 1015 1183 EPISTOLA
1060 1142 1121 1189 II.

313 1330 538 1361 EDWINUs
567 1331 750 1361 SANDUS
775 1332 843 1362 AD
871 1331 1133 1362 HENRICUM
1162 1331 1533 1362 BULLINGERUM.

214 1416 415 1452 SALUTEM
448 1416 644 1466 plurimam
675 1418 713 1453 in
748 1416 910 1454 Christo.
962 1417 1118 1455 Tardius
1151 1417 1301 1467 quidem
1334 1417 1382 1454 ad
1412 1423 1450 1454 te
1484 1416 1616 1462 scribo,
1646 1418 1701 1455 vir

134 1479 387 1517 colendissime
405 1494 412 1524 ;
443 1481 507 1517 sed
522 1481 600 1530 jam
619 1481 776 1530 primum
797 1481 955 1519 occurrit
974 1482 1065 1519 certi
1082 1482 1219 1532 aliquid
1241 1483 1341 1532 quod
1360 1482 1527 1519 scribam.
1585 1481 1700 1533 Supe-

132 1544 219 1580 riori
246 1544 305 1581 die
332 1545 539 1595 accepimus
572 1545 697 1582 literas
725 1559 771 1583 ex
802 1545 955 1596 Anglia,
990 1546 1122 1596 quibus
1153 1559 1254 1583 mors
1287 1546 1435 1590 Mariae,
1462 1546 1700 1596 inauguratio

133 1608 370 1653 Elisabethae,
392 1615 429 1646 et
447 1610 570 1646 obitus
588 1610 783 1648 cardinalis
803 1610 885 1647 Poli
904 1611 1151 1648 confirmatur.
1196 1611 1326 1648 Bonus
1342 1610 1404 1647 ille
1424 1610 1631 1656 cardinalis,
1649 1625 1698 1649 ne

131 1673 255 1709 turbas
277 1672 465 1718 excitaret,
491 1679 554 1710 aut
581 1687 726 1711 cursum
753 1675 937 1725 evangelii
962 1675 1168 1725 impediret,
1190 1674 1360 1712 discessit
1383 1688 1402 1711 e
1427 1674 1503 1711 vita
1520 1675 1698 1724 postridie

131 1749 239 1787 quam
260 1736 380 1773 Maria
398 1751 462 1774 sua
479 1744 623 1775 mortua
642 1744 711 1776 est.
738 1739 881 1776 Tantus
899 1739 998 1776 enim
1013 1739 1086 1776 fuit
1100 1739 1196 1776 inter
1211 1739 1293 1775 illos
1310 1751 1412 1775 amor
1426 1751 1468 1775 ac
1487 1739 1696 1778 animorum

131 1813 343 1845 consensus,
373 1807 413 1837 ut
437 1815 484 1838 ne
503 1802 583 1852 ipsa
602 1804 749 1854 quidem
769 1817 868 1841 mors
893 1804 975 1841 illos
992 1803 1204 1854 disjungere
1229 1803 1423 1853 potuisset.
1481 1803 1585 1841 Nihil
1603 1816 1695 1853 ergo

130 1866 364 1902 metuendum
383 1867 489 1903 nobis
510 1873 565 1904 est
589 1881 611 1904 a
628 1868 742 1912 Polo;
772 1868 910 1905 mortui
932 1868 1068 1918 quippe
1091 1881 1169 1905 non
1192 1868 1378 1904 mordent.
1433 1867 1556 1904 Maria
1573 1868 1696 1918 paullo

130 1934 214 1966 ante
242 1934 396 1966 mortem
419 1930 518 1967 misit
537 1932 629 1969 duos
655 1946 701 1969 ex
729 1932 949 1970 consiliariis
974 1933 1049 1970 suis
1067 1932 1115 1969 ad
1135 1945 1300 1969 sororem
1321 1931 1587 1976 Elisabetharn,
1613 1932 1694 1982 qui-

130 1993 197 2029 bus
224 1994 261 2029 111
287 1994 469 2030 mandatis
490 1995 601 2041 dedit,
630 1997 788 2047 primum
808 2004 849 2034 ut
875 1997 1130 2048 significarent
1157 2010 1196 2034 se
1219 1997 1313 2034 velle
1332 1997 1418 2034 dare
1442 1996 1495 2034 illi
1517 2009 1694 2034 coronam

129 2057 270 2105 regiam
295 2062 332 2094 et
358 2071 504 2096 omnem
529 2061 629 2098 illam
655 2062 892 2112 dignitatern,
924 2075 1034 2112 quam
1056 2062 1139 2112 jure
1164 2061 1388 2098 hereditario
1413 2060 1477 2097 illa
1499 2066 1580 2098 tum
1605 2075 1693 2112 pos-

129 2122 280 2160 sidebat.
337 2123 385 2159 Et
410 2136 475 2174 pro
502 2124 574 2162 hoc
598 2131 704 2163 tanto
724 2127 761 2163 in
787 2127 886 2164 illam
917 2127 1053 2164 collato
1080 2126 1263 2164 beneficio
1281 2125 1353 2162 tria
1376 2125 1422 2162 ab
1449 2124 1514 2162 illa
1540 2132 1693 2175 petere:

129 2186 285 2235 primum
303 2193 343 2223 ut
367 2200 442 2224 non
461 2194 618 2226 mutaret
637 2191 881 2236 consiliarios,
903 2191 1107 2229 secundum
1126 2196 1167 2227 ut
1185 2204 1262 2228 non
1280 2195 1441 2227 mutaret
1458 2189 1693 2239 religionem,

128 2251 276 2288 tertium
308 2257 349 2288 ut
381 2252 505 2289 debita
535 2267 600 2291 sua
631 2255 789 2292 solveret
822 2261 860 2293 et
892 2255 1135 2293 creditoribus
1165 2254 1404 2306 satisfaceret.
1474 2254 1693 2304 Respondet

128 2315 354 2361 Elisabetha,
381 2322 418 2353 et
437 2317 575 2367 inquit:
614 2319 868 2357 Vehementer
891 2320 1041 2370 quidem
1069 2320 1190 2364 doleo⁷
1210 2319 1310 2370 quod
1328 2319 1477 2368 Regina
1493 2318 1692 2356 vehemen-

127 2378 201 2415 tius
226 2385 395 2429 aegrotat.
453 2381 565 2425 Quod
589 2389 713 2420 autem
742 2383 834 2421 mihi
868 2384 1040 2422 diadema
1063 2384 1171 2434 regni
1199 2384 1285 2421 dare
1314 2383 1414 2429 velit,
1443 2395 1519 2420 non
1549 2389 1606 2420 est
1628 2397 1692 2421 cur

129 2443 265 2491 gratias
293 2457 424 2493 agam;
480 2458 566 2482 nam
597 2460 715 2497 neque
746 2448 809 2485 illa
834 2448 906 2486 hoc
934 2448 1024 2486 mihi
1052 2450 1140 2486 dare
1172 2454 1312 2498 posset,
1343 2460 1465 2497 neque
1496 2446 1580 2484 haec
1609 2447 1691 2497 dig-

128 2506 225 2542 nitas
253 2507 326 2543 ullo
345 2508 427 2556 jure
452 2522 473 2545 a
497 2522 558 2546 me
586 2511 717 2548 auferri
745 2513 890 2557 debeat,
917 2519 959 2550 ut
989 2526 1074 2563 quae
1099 2511 1190 2550 mihi
1222 2511 1371 2562 propria
1398 2524 1440 2548 ac
1468 2510 1692 2549 hereditaria

130 2575 198 2605 est.
254 2570 365 2614 Quod
392 2572 441 2608 ad
465 2573 692 2611 consiliarios
719 2582 874 2626 spectat,
903 2590 1010 2627 aeque
1035 2577 1192 2614 liberum
1216 2575 1307 2612 1111111
1334 2588 1414 2612 esse
1433 2580 1535 2624 put0‚
1554 2575 1689 2625 inquit,

130 2646 233 2669 meos
252 2634 398 2683 eligere,
421 2642 530 2685 atque
551 2637 602 2674 1111
626 2638 695 2675 fuit
714 2640 850 2689 eligere
870 2654 968 2678 suos.
1025 2641 1083 2678 De
1100 2640 1282 2691 religione
1303 2639 1394 2676 illud
1422 2651 1508 2675 vero
1533 2639 1691 2684 affirmo,

130 2709 189 2733 mc
208 2697 306 2734 illam
325 2712 400 2735 11011
418 2706 653 2747 mutaturam,
678 2703 792 2741 modo
812 2717 858 2741 ex
875 2705 987 2742 verbo
1008 2705 1095 2749 Dei,
1115 2705 1214 2755 quod
1237 2703 1385 2740 unicum
1407 2702 1689 2740 fundamentum

130 2766 168 2797 ct
194 2762 323 2810 regula
343 2763 531 2812 religionis
556 2777 651 2802 meae
675 2767 757 2812 erit,
786 2768 933 2818 probari
959 2769 1088 2819 possit.
1145 2768 1258 2813 Quod
1282 2767 1440 2817 denique
1469 2766 1595 2803 debita
1622 2780 1690 2804 sua

129 2825 368 2873 persolvenda
392 2827 495 2875 petit,
526 2841 673 2878 aequum
700 2837 824 2881 petere
851 2831 943 2869 mihi
964 2833 1130 2870 Videtur:
1180 2846 1252 2883 ego
1277 2837 1402 2869 autem
1427 2836 1468 2868 ut
1487 2831 1689 2877 solvantur,

131 2894 308 2939 quantum
326 2890 364 2926 in
382 2903 440 2926 me
461 2897 527 2935 est,
544 2894 688 2932 curabo.
744 2896 793 2932 Et
811 2910 895 2933 cum
909 2896 979 2934 hae
994 2897 1236 2947 responsione
1252 2895 1393 2932 dimissi
1409 2900 1495 2932 sunt
1508 2895 1642 2931 nuntii.

208 2953 355 3003 Regina
375 2953 588 2992 Elisabetha
606 2958 776 3006 proximo
795 2960 841 2997 ab
864 2960 1150 3010 inauguratione
1168 2974 1234 2998 sua
1252 2959 1452 2998 Dominico
1472 2958 1560 2997 fecit
1578 2972 1687 2997 evan-
