1845 3233
164 119 336 175 xxxm]
460 135 668 162 JOHANNES
699 136 870 163 JUELLUS
906 137 960 162 AD
992 137 1154 164 PETRUM
1189 138 1430 165 MARTYREM.
1685 127 1737 168 45

656 390 955 432 EPISTULA
999 391 1239 433 XXXIII.

384 648 640 679 JOHANNEs
667 648 879 679 JUELLUS
907 649 974 679 AD
1006 649 1205 680 PETRUM
1236 650 1533 682 MARTYREM.
1574 650 1586 665 ‘⁴

242 738 278 776 S.
301 738 342 776 P.
399 738 437 776 Si
462 752 506 776 ex
532 739 635 776 (lenis
659 739 752 776 meis
779 738 896 776 literis
924 743 1012 776 octo
1037 739 1083 776 ad
1108 745 1159 784 te,
1185 745 1225 776 ut
1250 741 1391 786 scribis,
1419 741 1665 793 pervenerint,
1688 743 1737 778 mi

163 809 280 853 pater.
306 809 343 840 et
367 803 473 841 dulce
499 803 611 841 decus
635 817 771 848 meum,
799 803 921 840 minus
946 803 1065 840 multo
1085 804 1244 853 jacturae
1272 805 1411 842 factum
1440 812 1510 851 est,
1537 819 1646 856 quam
1674 820 1740 858 pu-

163 873 302 905 taram:
347 881 421 919 ego
451 867 551 905 enim
590 881 736 919 sperare
769 880 959 918 nunquam
994 867 1112 917 potui,
1146 869 1202 905 vel
1234 869 1385 906 tertiam
1422 870 1611 908 literarum
1643 884 1742 908 mea-

161 945 241 970 rum
270 939 413 983 partem
440 933 487 970 ad
515 939 552 970 te
582 932 806 970 incolumem
834 937 1105 982 perventuram.
1158 933 1298 971 Verum
1325 933 1395 970 etsi
1424 934 1499 972 illae
1527 935 1741 980 subsistant,

164 1002 205 1034 ut
225 997 279 1041 fit,
299 997 445 1041 otiosae,
465 1003 530 1034 aut
551 997 772 1035 delitescunt
794 996 950 1047 uspiam,
971 1002 1037 1033 aut
1055 997 1168 1034 etiam
1192 1004 1347 1048 pereant
1372 999 1409 1035 in
1430 998 1584 1043 itinere;
1614 1005 1740 1038 tamen

163 1076 236 1113 ego
265 1075 342 1099 non
371 1061 538 1098 (lesinam
568 1075 612 1098 ea
639 1074 751 1098 eausa
780 1061 942 1098 officium
973 1073 1098 1098 meum
1130 1061 1264 1106 facere,
1297 1075 1418 1113 neque
1449 1076 1612 1114 unquam
1640 1077 1741 1102 com-

163 1127 323 1171 mittam,
344 1132 385 1163 ut
402 1126 678 1163 tabellariorum
702 1125 857 1176 perfidia
881 1125 1006 1162 videar
1024 1125 1118 1162 velle
1137 1125 1292 1163 liberare
1312 1126 1422 1164 fidem
1442 1140 1577 1166 meam.
1621 1128 1742 1167 Crede

162 1192 264 1230 enim
288 1190 404 1228 mihi:
433 1190 525 1227 nihil
545 1203 706 1241 unquam
732 1190 829 1227 facio
852 1189 1038 1234 libentius,
1065 1203 1175 1240 quam
1196 1203 1280 1227 eum
1305 1196 1370 1227 aut
1392 1191 1439 1228 ad
1464 1198 1500 1229 te
1525 1193 1657 1238 scribo,
1678 1201 1741 1232 aut

164 1257 209 1293 de
234 1262 272 1292 te
298 1255 436 1305 cogito.
495 1254 638 1304 Itaque,
668 1253 702 1291 O
732 1254 856 1290 Deum
884 1254 1145 1298 immortalem,
1173 1254 1322 1304 quoties
1349 1268 1421 1305 ego
1446 1269 1506 1293 me
1532 1257 1634 1308 fingo
1659 1273 1742 1297 esse

162 1319 304 1370 Tiguri,
325 1325 362 1356 et
386 1332 454 1369 pro
476 1324 605 1355 nostra
624 1318 722 1355 inter
744 1331 814 1355 nos
839 1317 1095 1355 amoenissima
1119 1318 1387 1355 consuetudine
1415 1320 1528 1358 modo
1547 1327 1584 1358 te
1603 1323 1741 1366 audire,

162 1384 275 1422 modo
303 1389 427 1420 tecum
447 1382 624 1433 colloqui,
649 1387 690 1418 ut
714 1381 873 1425 interim,
895 1394 979 1418 cum
1004 1395 1089 1418 vera
1113 1395 1191 1419 non
1212 1381 1335 1426 liceat,
1362 1383 1495 1420 saltem
1522 1384 1614 1422 falsa
1631 1392 1742 1437 atque

163 1448 349 1486 umbratili
381 1447 575 1484 voluntate
607 1445 747 1497 possim
779 1445 942 1496 perfrui!
1001 1445 1191 1483 Confectis
1226 1452 1351 1484 autem
1385 1448 1494 1485 rebus
1522 1450 1672 1495 nostris,
1705 1457 1742 1489 et

163 1526 255 1563 paee
284 1525 397 1563 reque
424 1511 586 1562 publiea,
621 1510 720 1560 quod
749 1509 849 1547 brevi
880 1523 1071 1560 speramus
1098 1510 1190 1554 fore,
1220 1511 1437 1556 constituta,
1471 1513 1618 1551 umbras
1652 1515 1741 1552 istas

163 1583 201 1614 et
227 1576 410 1626 imagines
432 1575 567 1612 missas
594 1574 785 1618 faciemus,
807 1579 844 1611 et
868 1579 904 1610 te
930 1587 1069 1618 coram,
1101 1587 1221 1624 spero,
1246 1582 1471 1624 praesentem
1501 1577 1738 1616 intuebimur.

166 1641 210 1678 Id
241 1640 341 1678 enim
369 1641 463 1678 scire
491 1639 604 1677 debes
634 1639 742 1676 nobis
774 1637 955 1689 bonisque
984 1638 1158 1676 omnibus
1194 1652 1275 1676 esse
1302 1652 1417 1676 curae.
1469 1640 1624 1679 Interim
1656 1656 1739 1680 aea-

162 1705 312 1745 demiae,
343 1709 381 1741 et
407 1709 534 1741 nostra
560 1704 622 1740 illa
648 1702 829 1753 imprimis
853 1702 1095 1747 oxoniensis,
1124 1703 1301 1740 miserum
1326 1703 1363 1740 in
1392 1705 1544 1742 modum
1569 1706 1742 1744 deserun-

162 1776 233 1813 tur,
260 1769 341 1806 sine
368 1768 476 1805 bonis
501 1767 628 1812 literis,
655 1768 734 1805 sine
757 1767 992 1812 lectionibus,
1021 1768 1101 1804 sine
1121 1768 1245 1806 studio
1270 1769 1344 1806 ullo
1369 1769 1532 1819 pietatis.
1582 1769 1739 1808 Coccum

163 1834 251 1871 illud
275 1846 414 1870 numen
440 1832 510 1870 erit
534 1832 732 1883 aliquando
758 1832 879 1881 magis
900 1831 1116 1882 propitium.
1168 1833 1309 1870 Verum
1335 1831 1455 1870 adhue
1483 1839 1652 1886 tempora
1670 1835 1741 1872 ista

164 1897 289 1948 qualia
321 1897 397 1933 sint
426 1896 546 1934 vides:
585 1895 607 1932 ὁ
638 1895 769 1949 ”Αρης,
796 1895 818 1932 0‘
842 1896 959 1948 ‘'Apryc:
989 1895 1012 1932 ὁ
1044 1895 1305 1948 βροτολοιγός
1334 1897 1489 1935 fundum
1524 1898 1645 1949 ipsum
1673 1900 1744 1935 τοῦ

164 1960 331 1998 πλούτου
355 1959 536 1998 exhaurit.
585 1960 661 1998 Ubi
681 1960 859 1998 serenitas
878 1960 1002 2011 aliqua
1020 1960 1185 2005 redierit,
1209 1966 1247 1998 et
1269 1962 1353 1998 istae
1377 1962 1497 1999 turbae
1517 1963 1739 2013 conquieve-

163 2026 249 2069 rint,
271 2025 448 2062 Eleazaro
474 2030 539 2061 tuo
564 2025 801 2063 Damaseeno
821 2038 891 2062 nee
911 2025 960 2069 id,
988 2025 1032 2061 de
1061 2028 1156 2074 quo1
1175 2030 1216 2062 tu
1236 2025 1378 2070 scribis,
1406 2039 1475 2063 nec
1502 2026 1572 2063 alia
1598 2028 1741 2077 majora

165 2090 334 2126 deerunt.
389 2088 428 2125 Si
455 2088 500 2125 ad
525 2101 594 2125 nos
620 2089 775 2132 venerit,
796 2088 852 2126 vel
879 2088 1004 2139 potius
1033 2088 1094 2124 ubi
1122 2089 1277 2134 venerit,
1303 2089 1373 2126 erit
1396 2089 1495 2139 apud
1521 2102 1580 2127 me
1605 2091 1738 2128 eodem

165 2155 262 2197 loeo,
292 2166 364 2204 quo
392 2153 422 2189 si
445 2157 546 2189 esset
572 2152 683 2190 frater
703 2165 818 2189 meus.

246 2218 303 2255 De
330 2217 494 2267 Eliperio
519 2223 584 2254 tuo
610 2230 686 2254 non
711 2217 830 2254 tribuo
859 2216 949 2253 milii
979 2222 1125 2254 tantum
1157 2222 1198 2253 ut
1222 2222 1259 2254 te
1285 2217 1463 2254 consoler.
1514 2218 1612 2255 Novi
1640 2219 1739 2257 enim

163 2297 236 2334 ego
265 2281 500 2333 prudentiam
528 2286 642 2318 tuam.
700 2281 812 2326 Quod
841 2280 921 2318 (lies
951 2281 1090 2331 alioqui
1121 2280 1318 2325 minueret,
1348 2281 1384 2318 id
1416 2281 1493 2318 seio
1527 2287 1564 2318 te
1592 2283 1738 2320 ratione

162 2348 281 2385 solere
307 2350 549 2382 antevertere.
599 2344 755 2382 Utinam
778 2351 904 2382 tamen
925 2358 1079 2395 puerum
1103 2345 1155 2381 ita
1173 2345 1322 2389 bellum,
1344 2353 1380 2381 et
1407 2345 1458 2382 ita
1483 2345 1536 2382 tui
1562 2346 1735 2390 similem,

163 2418 201 2448 et
234 2410 301 2447 hac
334 2409 567 2459 potissimum
600 2414 712 2446 aetate
745 2415 809 2446 tua
841 2414 1053 2459 susceptum
1093 2409 1278 2458 potuisses
1314 2408 1449 2446 habere
1486 2410 1736 2460 superstitem,

163 2488 237 2513 non
274 2480 419 2511 tantum
462 2473 524 2523 qui
562 2479 684 2510 tecum
719 2473 874 2523 garriret
906 2472 1119 2523 aliquando,
1145 2478 1183 2509 et
1219 2479 1256 2509 te
1288 2473 1492 2511 oblectaret
1524 2474 1638 2518 domi,
1672 2477 1736 2513 sed

162 2539 275 2576 etiam
309 2538 372 2589 qui
402 2537 557 2587 ingenii,
593 2537 755 2587 pietatis,
791 2537 967 2574 virtutum
999 2542 1141 2574 tuarum
1176 2537 1342 2574 omnium
1372 2538 1630 2589 doetrinoeque
1657 2544 1734 2575 tuae

163 2604 282 2640 haeres
303 2608 402 2640 esset
419 2603 426 2638 !
468 2602 539 2639 Sed
559 2601 731 2652 quoniam
753 2601 858 2638 Deus
884 2601 1046 2651 optimus
1064 2600 1248 2638 maximus
1268 2601 1331 2646 ita,
1352 2607 1394 2638 ut
1412 2608 1481 2647 est,
1501 2615 1583 2640 esse
1610 2603 1734 2647 voluit,

164 2668 295 2705 melius
315 2680 425 2718 quain
449 2672 506 2704 est
526 2679 607 2703 esse
632 2678 706 2702 non
727 2671 865 2716 potest.

242 2733 299 2770 De
326 2733 487 2783 quinque
510 2730 581 2767 illis
606 2730 794 2767 coronatis
824 2729 965 2766 Italicis
993 2729 1124 2779 scripsi
1153 2735 1209 2766 ter
1232 2729 1277 2766 ad
1308 2729 1451 2768 Julium
1476 2737 1655 2777 nostrum,
1682 2733 1736 2769 bis

161 2797 207 2834 ad
234 2797 281 2834 D.
303 2796 585 2834 Bernardinum.
638 2794 787 2831 Tradidi
807 2799 932 2831 autem
956 2807 1021 2831 eos
1045 2799 1129 2831 ante
1157 2799 1300 2844 septem
1320 2807 1468 2832 menses
1497 2796 1545 2834 D.
1569 2795 1735 2834 Acontio

164 2861 273 2906 Italo,
308 2861 369 2912 qui
403 2875 499 2898 nune
528 2867 584 2897 est
617 2859 715 2909 apud
748 2859 923 2897 comitem
956 2858 1278 2896 Bedfordiensem.
1343 2858 1410 2897 llle
1438 2873 1519 2898 sese
1548 2860 1736 2911 pollicitus

829 2961 849 2996 [¹
874 2962 934 2988 MS.
955 2961 1102 2995 quodde.]
