1845 3233
85 114 188 170 le.]
284 129 489 156 JOHANNES
520 130 807 157 PARmmRs‘rus
841 130 895 154 AD
926 128 1137 155 flmmeum
1171 125 1470 153 BULLmGERUM.
1597 108 1652 155 79

87 243 379 282 committeretur
407 245 463 282 sui
495 245 658 296 eorporis
689 244 868 282 custodia.
923 243 976 282 At
1005 243 1043 280 in
1076 242 1133 280 his
1169 242 1284 279 tribus
1315 240 1513 291 postulatis
1543 253 1653 291 passa

89 313 145 344 est
170 308 362 358 repulsam.
421 309 519 346 Haec
546 309 606 346 ille
635 309 737 347 mihi.

167 372 352 422 Magnum
371 372 441 410 fuit
459 374 559 423 apud
580 387 648 410 nos
666 374 806 411 tonitru
823 374 921 411 circa
940 372 1084 409 initium
1103 371 1206 409 Julii.
1261 371 1504 409 Pinnaculum
1523 371 1654 421 templi

89 435 307 474 cathedralis
342 437 379 473 in
413 436 561 474 civitate
587 438 857 476 Nordovicensi
885 437 1124 475 vehementer
1150 441 1206 473 est
1230 441 1454 486 quassatum,
1484 436 1549 473 sed
1578 449 1654 473 non

90 500 287 549 dejectum,
318 501 429 551 paulo
461 507 548 552 post
577 515 661 539 vcro
691 508 911 552 reparatum.
966 500 1088 538 Pestis
1120 506 1310 550 grassatur
1339 499 1514 545 Londini‚
1545 506 1583 537 et
1614 500 1653 537 in

90 575 188 601 novo
221 564 348 609 Portu,
384 570 422 602 et
453 565 492 602 in
525 566 689 603 exercitu
724 567 924 612 Gallorum,
955 571 996 602 ut
1028 564 1127 602 fama
1159 571 1226 601 est.
1295 564 1429 602 Cetera
1461 578 1507 601 ex
1539 565 1654 604 literis

91 628 265 666 Gualteri.
321 631 370 665 20
403 629 493 666 Julii
525 630 610 667 misi
641 630 765 668 literas
795 630 841 667 ad
876 629 1105 668 consiliarios
1136 641 1202 678 per
1230 641 1345 665 unum
1376 642 1422 666 cx
1454 629 1654 679 praecipuis

92 691 182 729 meis
216 692 375 730 famulis.
434 693 472 731 Is
502 693 591 731 mihi
629 696 677 730 :26
712 694 879 745 ejusdem
914 692 1054 730 mensis
1085 693 1211 729 attulit
1245 706 1475 743 responsum,
1506 699 1544 731 et
1572 700 1656 745 post

89 757 328 805 quatriduum
363 764 466 809 peste
503 758 606 795 obiit.
674 758 859 796 Dominus
896 758 1114 795 misereatur
1152 757 1291 794 nostri!
1361 757 1471 795 Circa
1508 758 1653 796 initium

91 819 255 870 Augusti
282 823 421 860 bellum
450 823 595 873 publice
622 822 881 860 denuntiatum
908 827 1038 859 contra
1067 821 1239 859 Galbam.

169 886 299 923 Saluta
335 900 419 924 meo
451 887 602 924 nomine
636 886 933 924 honestissimam
969 892 1191 931 matronam,
1223 892 1325 923 tuam
1364 900 1528 932 uxorem,
1565 887 1654 925 item

89 949 185 986 filios
219 956 256 987 et
286 950 391 995 filias,
421 951 559 988 amieos
585 950 715 987 doctos
745 956 783 988 ct
812 949 1098 987 humanissimos
1126 949 1237 994 cives,
1265 963 1358 1000 quos
1388 950 1479 988 mihi
1508 952 1654 990 noveris

86 1026 167 1051 esse
195 1020 316 1052 notos.
373 1015 535 1065 Raptim.
591 1014 823 1059 Ludhamiae,
856 1016 903 1050 13
922 1013 1100 1063 Augusti,
1127 1015 1238 1052 1563.
1296 1014 1386 1051 Mea
1406 1027 1472 1051 vos
1499 1028 1652 1060 onmes3

90 1085 128 1114 et
155 1078 223 1115 tibi
250 1078 329 1129 agit
347 1079 485 1128 gratias
510 1092 577 1130 pro
596 1079 723 1116 literis.
782 1078 884 1123 Quia
907 1078 1032 1115 nullus
1054 1077 1159 1115 adest
1184 1077 1402 1123 Germanus,
1428 1092 1505 1117 non
1532 1087 1656 1132 potest

89 1143 307 1187 1·cscribere;
338 1143 437 1194 quod
466 1143 517 1180 illi
546 1157 591 1180 ex
619 1143 743 1180 animo
772 1143 882 1180 dolet.

1071 1207 1186 1252 Tuus,

827 1293 1115 1332 JOHANNES
1145 1294 1552 1345 PARKHURSTUS,

1358 1383 1653 1425 Nordovicensis.

170 1495 295 1533 Audio
309 1509 437 1546 pacem
452 1496 547 1534 inter
566 1497 694 1534 Gallos
719 1502 757 1533 et
776 1510 844 1533 nos
863 1496 1007 1533 initam.
1054 1496 1084 1532 F
1085 1496 1163 1533 axit
1183 1497 1308 1535 Deus!
1357 1500 1443 1538 Scio
1468 1515 1534 1552 pro
1554 1508 1654 1540 certo

92 1560 258 1597 inducias
290 1560 406 1597 factas
439 1561 485 1598 ad
518 1561 668 1611 aliquod
699 1567 858 1611 tempus.
916 1560 1022 1597 Uxor
1051 1572 1136 1597 mea
1166 1561 1282 1598 mittit
1310 1563 1356 1599 ad
1384 1570 1421 1601 te
1452 1565 1526 1602 duo
1554 1567 1656 1617 paria

92 1624 305 1675 caligarum,
325 1625 459 1675 quibus
478 1625 531 1662 uti
551 1626 669 1676 possis
688 1625 837 1676 quando
859 1638 965 1675 asper
986 1624 1032 1662 ab
1046 1624 1145 1662 Aare
1162 1625 1237 1662 ruit
1256 1626 1407 1674 Boreas,
1427 1629 1555 1679 frigus,
1570 1631 1656 1681 gelu

91 1695 128 1726 et
154 1690 256 1727 nives
283 1690 439 1740 pariens.

262 1777 514 1803 INSCRIPTIO.

199 1830 416 1867 Clarissimo
449 1831 532 1867 viro
560 1830 612 1867 D.

196 1894 365 1930 IIenrieo
379 1894 615 1942 BullingerO,

329 1958 474 2007 Tiguri.

657 2160 955 2202 EPISTOLA
998 2163 1097 2205 LX.

176 2357 486 2389 LAURENTIUS
514 2357 810 2390 HUMFREDUS
838 2360 906 2390 AD
935 2357 1192 2389 HENRICUM
1222 2356 1589 2389 BULLINGERUM.

175 2436 376 2473 SALUTEM
414 2434 452 2471 in
490 2433 641 2471 Christo
674 2441 712 2471 et
745 2448 875 2485 pacem
915 2434 1199 2485 sempiternam!
1257 2434 1444 2471 Bellorum
1479 2433 1660 2471 tumultus

96 2500 242 2538 sedatos
261 2512 340 2537 esse
358 2498 470 2535 etiam
488 2504 599 2548 atque
623 2498 735 2535 etiam
756 2499 899 2549 gaudeo
918 2504 956 2536 et
974 2498 1150 2548 gratulor,
1177 2497 1368 2548 religionis
1392 2502 1517 2534 autem
1542 2511 1660 2548 nego-

94 2564 187 2601 tium
206 2577 335 2615 parum
354 2562 573 2613 processisse
593 2562 803 2599 dolendum.
861 2562 977 2600 Dabit
993 2562 1015 2599 J
1020 2575 1105 2599 esus
1123 2562 1323 2612 aliquando
1343 2561 1419 2598 (lies
1443 2560 1659 2611 halcyonios

98 2634 135 2666 et
154 2629 300 2666 laetiora
319 2627 531 2677 evangelia;
564 2633 601 2663 et
623 2626 785 2672 habebit,
807 2640 925 2677 spere,
946 2627 1101 2664 eeclesia
1119 2640 1205 2664 suos
1224 2626 1331 2670 filios,
1362 2631 1400 2663 et
1425 2626 1659 2675 evangelium

97 2706 203 2730 suum
234 2705 396 2737 cursum,
433 2690 608 2728 omnibus
643 2690 842 2728 inferorum
878 2691 1126 2742 potestatibus
1158 2691 1283 2727 invitis
1319 2696 1356 2727 et
1392 2690 1659 2727 obnitentibus.

98 2757 236 2795 Vincet
272 2756 371 2794 enim
400 2755 546 2799 veritas,
575 2761 612 2792 et
639 2755 776 2792 (livinae
805 2756 988 2793 voluntati
1018 2769 1060 2792 ac
1093 2755 1218 2792 manui
1248 2755 1351 2792 nulla
1382 2754 1574 2792 hominum
1602 2755 1660 2792 vel

99 2821 268 2872 potentia
284 2821 455 2859 resistere
473 2821 528 2857 vel
554 2819 691 2856 astutia
709 2819 854 2869 poterit.
909 2819 993 2857 Tibi
1012 2826 1134 2856 autem
1163 2825 1200 2856 et
1224 2819 1311 2863 tuis,
1334 2819 1470 2857 nostris
1494 2819 1661 2870 patribus

99 2891 137 2923 et
171 2885 355 2929 fi-atribus,
391 2890 562 2935 optamus
595 2885 744 2933 longam
777 2883 904 2927 vitam,
932 2897 978 2921 ne
1011 2883 1085 2921 suis
1114 2883 1325 2934 parentibus
1355 2889 1392 2921 et
1423 2883 1587 2934 patronis
1618 2895 1660 2921 ac

99 2950 284 2988 tutoribus
315 2951 405 2987 orba
439 2950 488 2988 sit
517 2948 718 2987 christiana
749 2948 967 2999 respublica.
