1845 3233
153 156 208 196 34⁴
452 165 653 192 JOIIANNES
682 163 849 189 JUELLUS
883 162 937 187 AD
967 160 1129 186 PETRL‘M
1168 159 1410 184 MARTYREM.
1564 142 1710 198 [EPIST.

153 293 220 316 nus
247 279 424 320 videlicet,
450 278 510 327 qui
536 276 725 313 inserviret
752 272 988 316 mulierculae,
1023 276 1110 308 ante
1138 271 1354 307 conflictum
1384 269 1564 306 deseritur
1590 282 1613 306 a
1636 270 1713 308 suis

152 343 328 380 omnibus.
384 342 469 378 Duo
487 346 629 377 tantum
647 338 786 389 pueruli
803 341 1070 379 remanserunt,
1091 335 1214 379 credo,
1238 347 1285 371 ne
1308 333 1407 370 solus
1423 339 1533 383 atque
1552 333 1709 372 incomi-

152 413 245 442 tatus
263 405 394 441 rediret
417 405 462 440 ad
490 404 688 441 dominam.
745 400 845 438 Scoti
864 399 1000 437 habent
1023 399 1061 435 in
1081 398 1208 436 castris
1228 397 1510 434 concionatores
1529 398 1710 436 Knoxum

150 476 186 505 vt
210 469 489 505 Goodinannum
508 481 516 511 ;
561 472 598 504 et
616 479 697 503 sese
715 470 846 502 vocant
865 469 1003 500 coetum
1030 461 1181 499 Christi.
1248 461 1387 498 Postea
1409 461 1563 499 mittunt
1583 462 1631 499 ad
1654 475 1710 499 re·

150 534 286 581 ginain,
321 538 360 568 ut
391 530 554 568 discedat
587 529 718 573 Letha,
752 527 823 564 nisi
856 527 891 564 vi
927 532 964 562 et
994 525 1094 562 malo
1126 525 1269 562 extrudi
1300 525 1416 562 malit.
1486 525 1537 562 Et
1563 526 1609 563 ab
1636 525 1709 563 hoc

149 604 309 645 tempore
328 595 390 645 agi
411 600 572 644 coeptum
593 599 649 630 est
667 593 712 629 de
734 592 873 629 foedere
891 589 1066 640 Anglico.
1121 589 1280 639 Regina,
1304 589 1399 626 virili
1418 589 1551 626 mulier
1568 589 1711 635 animo,

150 659 313 710 quamvis
337 660 374 695 in
404 657 569 707 singulos
595 656 674 693 dies
701 655 966 705 relinqueretur
998 667 1021 691 a
1052 653 1139 699 suis,
1172 659 1298 690 tamen
1328 653 1422 690 nihil
1453 653 1709 704 perterrefieri,

147 730 270 760 tenere
299 722 522 772 praesidium,
554 720 789 758 excursiones
822 719 860 755 in
893 718 1037 755 hostem
1072 717 1204 762 facere,
1239 717 1365 754 omnia
1393 718 1530 764 moliri,
1564 723 1602 756 et
1632 717 1709 755 suis

149 787 262 824 oculis
281 787 431 823 lustrare
450 784 583 822 omnia.
638 783 739 821 Scoti
762 783 895 819 viribus
914 782 1036 819 valent
1061 787 1098 818 et
1116 781 1354 819 multitudine
1370 796 1379 827 ;
1401 787 1438 819 et
1455 782 1527 819 nisi
1544 781 1708 833 imperiti

148 855 269 887 essent
287 849 487 887 obsidionis
504 853 540 884 et
559 848 646 884 artis
664 847 818 890 bellicae,
835 846 1052 895 jamdudum
1071 845 1211 896 aliquid
1229 845 1452 883 effecissent.
1500 846 1706 884 Velitatum

147 920 202 950 cst
222 913 351 950 leniter
374 913 540 962 utrinque
563 911 610 949 ad
633 917 777 948 sextum
802 909 1033 947 Novembris.
1089 910 1229 947 Postea
1252 909 1355 947 Scoti
1381 923 1460 947 sese
1484 915 1706 960 receperunt

145 979 181 1014 in
209 977 368 1014 hiberna.
422 976 553 1013 Statim
581 989 603 1012 a
629 975 852 1025 reginalibus
877 973 1077 1011 rumusculi
1102 973 1272 1024 dissipati
1295 979 1393 1018 sunt,
1424 974 1558 1012 Scotos
1576 974 1704 1012 fractis

145 1040 274 1077 animis
297 1040 496 1090 diffugisse.
550 1039 686 1077 Verum
708 1038 759 1075 illi
777 1037 894 1074 adhuc
912 1043 949 1074 et
966 1037 1152 1088 principes
1170 1050 1243 1073 una
1259 1037 1432 1082 retinent,
1454 1044 1492 1074 et
1509 1038 1705 1076 conferunt

145 1104 307 1149 consilia,
326 1110 363 1141 et
381 1109 518 1153 augent
537 1115 742 1147 numerum,
764 1107 800 1138 et
822 1101 1003 1151 colligunt
1027 1101 1236 1152 pecuniam,
1262 1107 1313 1147 et,
1339 1102 1370 1139 si
1397 1101 1484 1152 quid
1508 1115 1601 1152 opus
1620 1101 1702 1148 erit,

144 1168 296 1204 militem
321 1167 456 1205 habent
482 1168 519 1204 in
543 1167 742 1217 procinctu.

221 1232 318 1269 Haec
344 1231 441 1268 volui
472 1231 650 1268 breviter:
687 1231 790 1280 plura
815 1228 970 1279 posthac
1002 1229 1109 1275 dabo,
1137 1230 1199 1266 ubi
1229 1230 1334 1280 plura
1364 1229 1548 1275 rescier03
1586 1230 1703 1267 multa

144 1296 239 1332 onim
260 1300 523 1345 exspectantur.
575 1294 654 1332 Nos
672 1293 883 1331 instruimus
900 1293 1070 1338 militem,
1090 1299 1128 1330 et
1144 1293 1183 1330 in
1200 1294 1345 1331 hostem
1365 1295 1460 1332 serio
1480 1295 1700 1345 cogitamus.

142 1360 244 1404 Vale,
269 1360 320 1396 mi
344 1365 455 1410 pater.
512 1358 637 1395 Saluta
660 1371 810 1395 uxorem
843 1364 956 1401 tuam,
985 1357 1031 1395 D.
1054 1358 1326 1408 Bullingerum,
1346 1358 1394 1396 D.
1416 1359 1700 1406 Bemardinum,

145 1425 192 1461 D.
221 1423 486 1468 Hermannum,
511 1424 533 1460 J
537 1423 649 1459 ulium
684 1427 721 1459 et
748 1422 771 1458 J
774 1422 895 1458 uliam.
953 1422 1113 1459 Londini
1136 1422 1255 1472 primo
1275 1422 1504 1468 Decembris,
1537 1437 1609 1474 quo
1640 1424 1701 1462 die

142 1500 209 1524 nos
233 1487 387 1537 primum
417 1487 617 1524 audivimus
643 1486 801 1524 Mariam
831 1499 912 1523 esse
935 1492 1132 1531 mortuam,
1162 1488 1274 1524 1559.

1222 1573 1335 1618 Tuus,

1082 1647 1370 1687 JOHANNES
1398 1648 1644 1688 JUELLUS.

457 1712 704 1738 INSCRIPTIO.

220 1764 380 1801 Doctiss.
401 1768 509 1813 atque
533 1767 704 1802 ornatiss.
723 1766 805 1801 viro
827 1765 990 1802 Domino
1009 1766 1123 1803 Petro

294 1829 465 1876 Martyrz'
480 1829 678 1878 profitenti
701 1841 828 1865 sacras
852 1832 1063 1879 scripturas
1081 1832 1120 1867 in

296 1892 439 1929 ecelesia
479 1893 512 1928 T
513 1893 679 1940 igurina,
718 1894 867 1931 domino
904 1908 969 1932 suo
1005 1896 1123 1932 colen-

299 1957 458 1993 dissimo.

608 2010 760 2057 Tiguri.

656 2297 951 2340 EPISTOLA
982 2298 1166 2341 XXVI.

293 2481 543 2514 JOHANNES
572 2484 918 2518 PARKHURSTUS
950 2488 1018 2518 AD
1049 2488 1227 2519 JOSIAM
1261 2487 1531 2519 SIMLERUM.

219 2566 374 2605 VERms
391 2571 561 2620 consequi
585 2584 661 2608 non
678 2585 839 2621 possum,
857 2573 881 2610 J
885 2573 962 2610 osia
979 2573 1253 2619 humanissime,
1273 2578 1410 2624 quanta
1426 2572 1593 2622 perfusus
1611 2586 1692 2610 sum

141 2629 282 2676 laetitia,
303 2645 383 2668 cum
410 2646 454 2669 ex
478 2634 549 2670 tuis
568 2635 682 2672 literis
707 2637 910 2686 cognorim,
934 2643 970 2674 te
996 2650 1166 2687 prospera
1188 2638 1241 2674 uti
1267 2637 1497 2675 valetudine:
1532 2637 1630 2687 quod
1656 2645 1694 2675 et

142 2699 247 2730 antea
270 2695 358 2731 mihi
389 2696 606 2745 significavit
628 2704 756 2736 noster
779 2700 992 2737 Gualterus:
1021 2714 1105 2738 cum
1132 2708 1258 2738 tamen
1285 2714 1372 2752 ego,
1399 2714 1475 2739 non
1498 2701 1545 2738 ad
1569 2713 1691 2737 amus-

143 2756 210 2793 sim
231 2757 323 2794 illius
345 2760 527 2808 pensitans
550 2761 684 2806 literas,
706 2762 792 2799 fatis
819 2764 1042 2801 concessisse
1061 2765 1310 2802 existimarim.
1365 2765 1482 2802 Tanta
1506 2770 1583 2802 erat
1607 2777 1692 2802 mea

140 2820 341 2868 stupiditas,
368 2823 422 2859 vel
450 2829 571 2861 tantus
597 2826 717 2874 potius
741 2839 853 2872 amor,
886 2833 927 2863 ut
955 2841 999 2865 ex
1026 2828 1096 2865 levi
1127 2829 1386 2867 occasiuncula
1415 2829 1455 2867 id
1484 2829 1691 2879 suspicatus

140 2883 221 2928 sim,
251 2885 345 2934 quod
375 2886 524 2923 minime
555 2894 630 2924 erat
656 2902 789 2934 verum,
813 2896 851 2926 at
879 2897 976 2928 certe
1006 2893 1102 2942 quod
1132 2893 1294 2929 animum
1327 2905 1450 2930 meum
1479 2892 1690 2931 vehementi

139 2945 264 2985 dolore
288 2950 485 2998 perculerit.
532 2952 603 2989 Res
628 2957 679 2990 est
706 2954 855 2992 solliciti
877 2957 994 3004 plena
1022 2958 1172 2994 timoris
1199 2970 1322 2995 amor.
