1845 3233
149 125 231 167 132
360 143 579 171 EDMUNDUS
613 144 861 171 GRINDALLUS
893 144 947 170 AD
980 144 1188 171 HENRICUM
1223 146 1522 176 BULLINGERUM.
1573 131 1714 189 [EplsT.

145 256 350 305 praevalent
373 258 479 308 regii,
507 265 545 296 et
573 260 751 298 comitem
783 261 827 298 de
857 260 999 305 Lenox,
1032 274 1142 298 avum
1166 262 1267 313 pueri
1297 263 1410 314 regis,
1439 263 1477 301 in
1500 276 1628 314 regem
1651 265 1723 302 ele-

144 327 299 369 gerunt:
331 322 392 372 qui
411 323 604 374 religionis
623 330 661 361 et
688 324 806 375 Regis
828 324 1082 362 defensionem
1106 325 1145 362 in
1173 339 1212 363 se
1239 327 1410 378 suscepit.
1469 328 1596 365 Distat
1623 328 1722 366 Ebo-

143 396 268 420 racum
304 385 350 422 ab
388 385 456 423 hac
502 388 592 425 urbe
639 390 713 425 160
750 388 921 426 milliaria
956 388 1162 427 nostratIa:
1218 403 1293 427 non
1328 396 1460 441 potero
1494 391 1610 442 igitur
1643 398 1721 428 tam

143 449 337 485 commode
361 450 485 488 literas
512 452 559 489 ad
583 458 620 489 te
642 453 802 498 mittere,
829 465 941 503 quam
967 452 1143 490 solebam.
1202 454 1369 491 Scribam
1394 461 1522 493 tamen
1551 455 1721 499 subinde,

142 510 286 548 etiamsi
304 514 444 552 tardius
468 516 513 553 ad
530 523 567 553 te
586 517 825 567 perferentur,
846 523 883 554 et
903 522 987 554 tuas
1012 516 1222 554 avidissime
1243 518 1480 568 exspectabo.
1536 519 1723 557 Dominus

142 573 252 612 Jesus
274 576 451 626 pietatem
477 585 581 617 tuam
609 581 717 618 nobis
748 586 786 618 et
815 580 986 618 ecclesiae
1015 592 1094 617 suae
1123 580 1349 619 incolumem
1375 589 1581 628 conservet,
1609 582 1723 621 frater

143 650 225 676 vere
253 640 290 678 in
321 641 486 681 Domino
514 646 719 683 venerande
748 651 785 683 et
812 644 1027 682 carissime!
1072 644 1245 691 Londini,
1277 646 1407 684 ultimo
1434 647 1539 694 Julii,
1562 650 1674 685 1570.

773 720 874 758 Tuus
902 720 939 756 in
970 719 1134 767 Christo,

992 796 1298 836 EDMUNDL'S
1336 796 1720 837 EBORACENSIS.

226 881 315 927 Oro,
347 887 388 918 ut
415 881 578 933 collegas
604 888 686 920 tuos
713 894 797 921 meo
826 882 978 921 nomine
1009 883 1158 930 salutes,
1192 891 1229 922 et
1254 885 1476 924 nominatim
1510 885 1557 923 D.
1583 884 1723 922 Rodol-

147 944 260 996 phum
290 946 517 984 Gualterum.

460 1035 714 1062 INscmPTio.

224 1088 444 1124 Reverendo
471 1089 513 1124 2⁴71.
544 1087 695 1125 Christo
726 1089 773 1126 D.
796 1088 966 1127 Hearieo

278 1153 509 1200 Bullingero
528 1154 678 1197 seniori,
701 1153 894 1201 Tigurime
910 1167 965 1190 ec-

278 1219 396 1253 ‹elesiae
413 1217 762 1268 ministrojz'deliss.
785 1223 820 1255 e(
834 1218 967 1268 fratri

277 1283 483 1319 carissimo.
543 1282 686 1329 ngnri.

648 1606 652 1609 ,
699 1558 994 1600 EPISTOLA
1040 1559 1160 1601 XCI.

279 1727 536 1759 JOHANNES
565 1727 774 1758 JUELLUS
803 1728 871 1758 AD
901 1726 1160 1758 HENRICUM
1191 1725 1562 1756 BULLINGERUM.

222 1807 259 1846 S.
282 1808 353 1845 PL.
376 1808 413 1845 in
440 1807 605 1845 Christo.
662 1808 854 1858 Pergratae
888 1808 980 1846 visae
1011 1806 1103 1845 mihi
1137 1812 1223 1843 sunt
1254 1805 1373 1844 literae
1404 1810 1495 1849 tuae,
1530 1805 1581 1842 mi
1613 1812 1718 1856 pater

143 1878 180 1910 et
209 1872 361 1909 domine
393 1873 432 1910 in
463 1872 613 1910 Christo
643 1873 914 1918 colendissime,
945 1873 1003 1910 vel
1034 1872 1133 1923 quod
1164 1885 1186 1908 a
1217 1876 1253 1908 te
1285 1874 1422 1913 essent,
1457 1869 1516 1906 cui
1552 1883 1624 1920 ego
1653 1872 1717 1909 uni

143 1937 270 1974 omnia
299 1937 435 1981 tribum
464 1938 522 1974 vel
559 1938 659 1987 quod
696 1938 928 1975 submorosae
961 1943 999 1974 et
1030 1936 1193 1986 querulae
1226 1934 1447 1978 viderentur,
1481 1939 1517 1970 et
1554 1934 1716 1972 officium

140 2014 265 2038 meum
293 2000 532 2051 requirerent.
590 2001 774 2051 Equidem
795 2015 963 2051 agnosco
991 2001 1134 2051 culpam
1166 2006 1203 2036 et
1221 2004 1311 2049 peto
1338 1998 1509 2035 veniam:
1539 1998 1592 2036 sic
1616 2000 1715 2036 enim

141 2078 249 2115 agere
292 2065 409 2102 satius
449 2071 518 2110 est,
556 2077 666 2115 quam
703 2078 848 2102 summo
887 2066 968 2115 jure
1012 2064 1194 2115 experiri3
1238 2062 1387 2100 tametsi
1430 2075 1507 2099 non
1549 2063 1714 2101 dubitem

140 2142 220 2166 esse
257 2142 331 2179 quo
368 2142 427 2166 me
460 2129 671 2173 defendam,
705 2129 870 2180 quamvis
906 2130 1004 2180 apud
1033 2129 1304 2166 severissimum
1331 2125 1496 2175 judicem
1532 2134 1714 2176 ageretur.

139 2193 304 2230 Primum
349 2193 448 2230 enim
488 2193 616 2243 procul
655 2193 785 2230 absum
821 2193 1018 2231 Londino:
1058 2193 1189 2230 deinde
1226 2191 1285 2229 Jo.
1319 2189 1473 2235 AbeIuS,
1506 2193 1714 2230 communis

138 2270 260 2294 rerum
284 2263 491 2294 nostrarum
521 2263 748 2308 procurator,
782 2257 944 2294 excessit
971 2271 991 2294 e
1019 2257 1114 2294 vita:
1154 2261 1343 2307 postremo
1369 2254 1489 2291 turbae
1512 2254 1597 2292 istae
1626 2256 1712 2293 Bel-

141 2323 238 2372 gicae
272 2322 414 2372 aliquot
440 2322 520 2370 jam
552 2334 669 2358 annos
698 2322 751 2357 ita
783 2321 990 2372 impediunt
1020 2321 1167 2366 itinera,
1194 2326 1235 2356 ut
1266 2332 1388 2369 neque
1421 2319 1540 2355 nostri
1572 2332 1710 2357 merca-

135 2394 234 2423 tores
257 2385 498 2435 Antverpiam
525 2398 731 2422 commeare
760 2386 918 2436 possint,
944 2398 1066 2436 neque
1091 2383 1335 2434 Antverpiani
1362 2382 1410 2419 ad
1438 2395 1518 2420 nos.
1568 2381 1710 2422 Literae

136 2455 260 2487 autem
291 2459 429 2487 nostrae
457 2462 561 2500 saepe
593 2449 632 2486 in
664 2449 794 2486 itinere
822 2449 1090 2500 relinquuntur,
1126 2461 1229 2498 saepe
1256 2446 1469 2484 auferuntur
1496 2446 1582 2492 alio,
1608 2460 1711 2499 saepe

136 2514 301 2558 redeunt,
333 2527 434 2564 saepe
472 2519 646 2564 pereunt:
690 2519 727 2550 et
755 2513 845 2563 quid
870 2513 908 2550 in
931 2513 996 2551 has
1021 2514 1120 2564 ipsas
1145 2525 1236 2564 quas
1260 2524 1357 2548 nunc
1391 2510 1511 2547 scribo
1537 2523 1707 2549 casurum

136 2579 196 2623 sit,
235 2578 338 2615 Deus
375 2577 517 2615 viderit.
586 2577 685 2615 Haec
721 2584 819 2614 certe
857 2590 968 2614 causa
1004 2578 1106 2622 facit,
1143 2584 1183 2614 ut
1216 2581 1254 2612 et
1291 2574 1561 2625 infiequentius
1595 2588 1706 2625 quam

133 2642 244 2679 velim
272 2647 310 2678 et
336 2641 480 2692 parcius
508 2647 546 2678 et
573 2641 716 2679 cautius
744 2642 791 2679 ad
817 2648 853 2678 te
882 2641 1051 2679 scribam.

215 2704 403 2755 Quicquid
432 2711 500 2749 est,
534 2705 678 2755 gaudeo
711 2718 768 2742 res
800 2711 938 2742 vestras
969 2719 1013 2743 co
1046 2718 1125 2742 csse
1157 2704 1254 2749 1000,
1289 2717 1362 2754 quo
1394 2702 1534 2741 scribis.
1602 2702 1707 2740 Deus

132 2769 234 2807 vobis
265 2769 391 2805 mittat
419 2769 594 2806 auxilium
625 2769 670 2806 de
700 2774 844 2813 sancto,
874 2775 911 2806 ct
937 2782 1004 2806 vos
1033 2769 1079 2806 de
1109 2768 1221 2806 Sione
1254 2769 1421 2805 tueatur!
1467 2766 1582 2805 Vobis
1607 2767 1706 2803 enim

132 2832 277 2869 inhiant
303 2832 429 2869 hostes
458 2832 530 2869 hoc
555 2838 736 2883 tempore,
765 2845 833 2869 nec
862 2833 984 2870 minus
1016 2833 1172 2878 seroces,
1204 2845 1273 2869 nec
1304 2831 1427 2868 minus
1458 2831 1565 2868 multi
1593 2843 1705 2880 quam

128 2896 248 2933 nobis.
303 2896 459 2933 Videtur
486 2896 584 2932 enim
612 2897 693 2945 jam
722 2895 956 2934 antichristus
984 2909 1131 2947 prorsus
1161 2908 1312 2933 omnem
1339 2895 1477 2945 jecisse
1506 2895 1638 2939 aleam,
1667 2899 1705 2930 et

129 2960 254 2997 orbem
281 2965 457 2997 terrarum
482 2959 739 3005 seditionibus,
765 2961 993 3006 tumultibus,
1022 2960 1142 3005 bellis,
1172 2959 1366 3006 furoribus,
1390 2959 1554 3009 ignibus,
1579 2959 1705 2995 incen-
