1845 3233
156 149 176 188 1
185 149 209 187 Ο
732 151 937 178 soHANNEs
966 148 1136 175 JUELLUS
1575 132 1717 189 [EPIST.

152 288 255 313 mora
293 271 459 309 nonnihil
493 276 701 308 nostrorum
743 266 938 304 hominum
980 264 1127 301 animos
1174 262 1376 306 emollivit;
1422 261 1718 299 adversariorum

151 346 274 377 autem
307 337 446 373 furores
476 341 513 371 et
545 333 708 371 insanias
737 329 998 367 incredibiliter
1026 326 1271 365 confirmavit.
1331 325 1407 363 Vix
1440 326 1540 362 enim
1575 326 1717 370 credas,

152 408 292 455 quanto
320 401 371 437 illi
396 412 494 436 nunc
521 411 602 435 sese
626 394 874 434 confidentius
899 398 1046 443 gerant,
1074 404 1184 441 quam
1209 402 1374 440 unquam
1400 395 1534 426 antea:
1560 389 1719 439 populus

151 474 275 503 tamen
305 464 450 512 ubique,
480 468 517 498 et
544 462 582 498 in
614 459 741 510 primis
771 457 893 495 omnis
921 456 1058 506 passim
1086 454 1278 499 nobilitas,
1308 459 1346 491 et
1373 453 1523 491 illorum
1551 454 1629 491 odit
1653 453 1719 490 tri-

152 528 309 578 umphos
337 534 375 563 et
401 525 650 568 insolentiam,
677 529 715 559 et
739 521 894 558 mirifice
918 521 998 557 sitit
1022 518 1270 569 evangelium.
1325 518 1458 568 Itaque
1481 518 1622 555 factum
1646 524 1718 563 est,

152 600 193 631 ut
218 591 340 629 multis
363 591 440 639 jam
465 590 503 626 in
531 588 622 625 locis
652 587 784 624 Missae
807 585 919 622 etiam
943 583 1071 621 invitis
1097 583 1229 620 edictis
1254 595 1319 620 sua
1343 587 1478 632 sponte
1504 582 1717 619 ceciderint.

154 656 266 701 Quod
298 655 327 691 si
363 653 508 702 Regina
538 652 619 701 ipsa
655 663 737 688 eam
771 649 938 699 abigeret
971 662 990 685 e
1023 660 1090 684 suo
1123 647 1269 692 larario,
1298 660 1357 684 res
1386 647 1511 684 omnis
1539 647 1717 684 facillime

152 725 277 772 posset
309 718 454 756 confici.
520 715 631 753 Tanti
662 720 749 751 sunt
777 713 875 763 apud
902 725 973 749 nos
1004 711 1177 761 exempla
1207 711 1437 761 principum:
1485 711 1587 761 quod
1617 711 1717 748 enim

151 785 250 833 regis
289 781 458 831 exemplo
490 780 543 823 fit,
579 779 616 816 id
645 778 788 827 vulgus,
821 782 864 813 ut
903 776 988 821 scis,
1022 788 1099 812 non
1128 775 1274 813 dubitat
1306 781 1408 813 recte
1435 775 1528 812 fieri.
1588 775 1717 820 Quan-
1766 802 1770 805 -

153 861 260 899 quam
293 846 353 883 illa
381 846 432 881 ita
462 845 618 881 Missam
650 842 751 878 illam
783 854 901 885 suani,
931 853 1043 891 quam
1071 839 1193 877 adhue
1221 840 1404 890 temporis
1428 845 1575 876 tantum
1607 852 1719 876 causa

151 913 298 956 retinet,
322 908 553 959 temperavit,
577 912 630 951 ut,
654 905 822 956 quamvis
845 905 883 941 in
907 917 952 941 ea
982 904 1101 941 multa
1127 910 1304 954 gerantur
1328 916 1414 954 quae
1431 903 1518 941 ferri
1542 904 1605 941 vix
1631 917 1718 954 pos-

151 976 237 1019 sint,
263 980 388 1010 tamen
412 986 488 1010 non
513 972 566 1008 ita
586 982 727 1019 niagno
750 982 834 1006 cum
863 968 1026 1018 periculo
1052 968 1170 1005 audiri
1195 968 1353 1019 possint.
1407 968 1545 1006 Verum
1575 968 1718 1018 optima

151 1046 188 1078 et
221 1051 317 1076 veru!
350 1037 500 1087 pietatis
531 1033 809 1086 cupientissima
842 1033 1009 1077 foemina,
1039 1033 1109 1069 etsi
1141 1033 1268 1070 omnia
1296 1033 1417 1083 primo
1442 1046 1590 1083 quoque
1622 1038 1717 1070 tem-

149 1116 238 1154 pore
260 1107 403 1138 mutata
430 1100 565 1150 cupiat,
594 1104 719 1135 tamen
747 1097 871 1134 induci
901 1110 977 1134 non
1006 1103 1142 1147 potest,
1174 1103 1215 1134 ut
1243 1098 1443 1148 quicquam
1469 1097 1558 1135 velit
1583 1097 1718 1134 immu-

150 1175 224 1204 tare
245 1166 323 1203 sine
352 1166 455 1215 lege;
485 1177 530 1200 ne
548 1176 607 1200 res
625 1176 702 1199 non
721 1167 800 1198 tam
821 1174 996 1198 sanorum
1020 1162 1217 1199 hominum
1238 1162 1397 1212 judicio,
1422 1176 1534 1213 quam
1562 1162 1719 1199 furentis

149 1234 288 1281 inipetu
312 1228 559 1267 multitudinis
584 1226 833 1264 administrari
856 1226 1061 1263 videantur.
1119 1226 1275 1263 Interim
1302 1226 1342 1263 in
1373 1232 1507 1264 senatu
1528 1227 1645 1264 multa
1670 1226 1717 1262 de

149 1296 329 1345 religione
356 1299 500 1331 mutata
526 1298 623 1335 sunt,
657 1291 769 1328 etiam
800 1291 928 1328 invitis
959 1296 997 1328 ct
1026 1291 1316 1328 reclamantibus
1348 1297 1459 1342 atque
1490 1291 1616 1328 omnia
1643 1296 1719 1328 tur-

149 1360 319 1396 bantibus
344 1356 538 1408 episcopis.
602 1355 674 1392 Sed
706 1369 761 1400 ea,
794 1355 971 1405 quoniam
1005 1355 1125 1393 adhuc
1159 1356 1198 1393 in
1224 1356 1357 1407 vulgus
1384 1357 1517 1407 ignota
1546 1361 1645 1401 sunt,
1681 1362 1719 1393 et

151 1437 251 1473 saepe
268 1423 339 1460 ‚sub
365 1422 536 1459 incudem
560 1420 727 1464 redeunt,
748 1420 836 1457 nolo
861 1420 1028 1457 scribere.

228 1487 383 1531 Sandus,
413 1485 632 1529 Grindallus,
660 1484 854 1534 Sampson,
887 1485 1059 1522 Scoraeus
1090 1484 1148 1534 (et
1176 1486 1265 1536 quid
1291 1486 1386 1523 istos
1414 1487 1498 1524 dico
1511 1487 1547 1536 ?)
1586 1499 1717 1523 omnes

150 1551 266 1589 adhuc
286 1564 409 1588 sumus
430 1550 605 1594 Londini,
625 1550 768 1598 integra
786 1562 915 1586 omnes
934 1549 1159 1595 valetudine,
1181 1549 1313 1587 cadem
1332 1550 1563 1596 conditione,
1586 1551 1717 1588 eodem

151 1617 245 1659 1000,
275 1616 402 1651 eadem
432 1614 560 1664 gratia.
615 1613 727 1650 Multi
755 1613 799 1650 de
826 1619 876 1659 te,
904 1614 966 1651 ubi
996 1614 1058 1659 sis,
1097 1614 1186 1665 quid
1216 1615 1328 1658 vivas,
1364 1615 1452 1665 quid
1484 1616 1630 1661 doceas,
1669 1629 1718 1652 an

151 1680 241 1716 velis
273 1679 388 1715 redire
420 1679 459 1715 in
494 1677 683 1728 Angliam,
726 1678 757 1714 si
793 1679 987 1724 revoceris,
1025 1678 1403 1717 honorificentissime
1441 1686 1718 1730 percontantur.

154 1743 308 1780 Sidallus
336 1742 461 1779 statim
494 1743 638 1792 scripsit
668 1742 714 1779 ad
747 1756 819 1787 me,
855 1756 903 1780 ne
936 1743 1023 1793 quid
1056 1744 1192 1794 iniquis
1223 1744 1269 1780 de
1301 1758 1341 1781 se
1366 1744 1576 1781 rumoribus
1606 1745 1717 1782 velim

153 1806 310 1843 credere.
365 1806 522 1843 Memini
547 1812 597 1852 te,
622 1820 705 1844 cum
730 1807 954 1857 Argentinae
981 1808 1133 1845 doceres
1159 1808 1203 1845 de
1229 1814 1415 1858 potestate
1442 1822 1554 1859 quam
1579 1808 1720 1847 liabent

151 1870 333 1920 principes
366 1870 404 1907 111
436 1871 643 1921 episcopos,
679 1871 751 1908 1100
779 1872 892 1909 etiam
927 1872 1128 1918 addidisse,
1165 1873 1421 1911 Justinianum
1451 1874 1717 1924 Imperatorem

152 1934 311 1970 movisse
334 1934 417 1971 loco
441 1934 644 1984 Sylverium
672 1941 710 1972 et
735 1936 927 1986 vigilium.
983 1937 1023 1974 Si
1052 1937 1201 1988 quando
1227 1937 1301 1975 11110
1329 1938 1479 1984 scribes,
1509 1952 1639 1989 quaeso
1666 1944 1716 1984 te,

152 2003 193 2034 ut
210 1998 343 2042 locum,
365 1998 427 2034 ubi
445 1999 504 2034 illa
522 1998 675 2036 historia
693 2001 828 2050 scripta
847 2001 906 2046 sit,
931 2002 1060 2051 paucis
1085 2002 1239 2040 indices.
1297 2003 1356 2040 De
1382 2003 1544 2053 Reginae
1562 2003 1718 2054 nuptiis,

153 2074 243 2110 quas
267 2074 334 2098 nos
359 2075 487 2099 omnes
516 2064 673 2100 maxime
699 2066 876 2114 cupimus,
903 2065 1083 2103 hactenus
1109 2066 1216 2104 nihil.
1271 2068 1376 2105 Bene
1401 2068 1494 2112 vale,
1521 2068 1574 2105 mi
1601 2074 1718 2119 pater,

152 2132 189 2161 et
209 2126 368 2179 Domine
388 2127 426 2162 in
447 2126 596 2164 Christo
615 2129 886 2167 colendissimo.
941 2129 1117 2177 Londini,
1149 2133 1208 2168 14.
1237 2130 1389 2181 Aprilis,
1422 2134 1536 2168 1559.

1204 2219 1278 2257 ιΙΟ.
1307 2219 1562 2266 JUELLUS‚
1596 2262 1599 2263 γ

1384 2302 1487 2339 Tuus
1513 2308 1613 2341 tuus.

228 2362 270 2399 P.
291 2363 326 2400 S.
385 2364 475 2401 Istae
503 2372 588 2402 sunt
612 2366 743 2403 tertiae..
796 2366 978 2406 Adscribo
1007 2383 1202 2408 numerum
1229 2377 1271 2408 ut
1298 2372 1391 2409 scire
1418 2373 1552 2423 possis,
1581 2386 1628 2410 an
1655 2374 1720 2411 ali-

153 2439 250 2475 quae,
279 2433 320 2463 ut
348 2427 401 2472 fit,
429 2429 603 2477 perierint
629 2430 668 2466 in
695 2430 838 2467 itinere.
1464 2447 1467 2448 ⁷

543 2529 803 2558 INSCRIPTIO.

233 2582 280 2618 D.
307 2582 419 2617 Petro
438 2583 611 2631 IlIartgsrz‘
642 2586 816 2623 Vermilio
842 2587 1050 2636 professori
1076 2602 1196 2627 sacrae

310 2646 505 2693 theologice
556 2649 597 2684 in
651 2651 802 2686 ccclesia
849 2651 1050 2698 Tigurina,
1110 2656 1193 2691 viro

310 2710 417 2756 louge
435 2711 646 2748 doctissimo
665 2717 698 2750 ct
715 2715 869 2751 domino
888 2729 954 2752 suo
980 2717 1021 2753 in
1044 2718 1194 2756 Christo

310 2773 579 2811 colendissimo.

724 2842 871 2890 Tiguri.
