1845 3233
206 136 230 174 3
243 136 268 173 0
777 136 984 164 JOHANNES
1016 133 1188 160 JUELLUS
1632 115 1776 173 [misr.

729 307 1026 352 EPISTOLA
1058 305 1249 347 XXIII.

413 471 665 502 JOHANNES
698 469 906 501 JUELLUS
938 469 1006 499 AD
1038 465 1239 498 PETRUM
1271 464 1568 496 MARTYREM.

288 566 324 603 S.
347 565 414 601 PL.
471 564 593 601 Biduo
620 569 818 614 postquam
844 575 888 598 ex
909 561 1026 610 longo
1053 565 1091 596 et
1114 557 1326 609 perdifficili
1348 558 1480 595 itinere
1504 557 1711 602 rediissem,
1739 565 1776 595 et

210 632 325 666 lassus
348 629 392 665 de
414 628 471 665 via
493 635 602 678 atque
630 627 820 670 anhelans,
846 624 975 662 nescio
1003 623 1089 673 quid
1117 622 1164 659 ad
1190 628 1227 659 te
1246 622 1491 673 scripsissem,
1509 621 1664 659 redditae
1683 621 1777 659 mihi

211 699 295 730 sunt
319 705 340 729 a
366 699 403 728 te
435 692 549 728 literze
581 697 697 728 terme
728 690 860 727 eodem
887 694 1079 738 tempore:
1109 699 1264 737 quarum
1290 686 1509 724 suavissima
1532 686 1694 723 lectione
1722 687 1776 723 ita

210 769 288 793 sum
316 755 547 799 exhilaratus,
581 760 622 791 ut
648 767 798 791 omnem
829 753 931 790 illam
960 751 1189 802 superiorum
1219 750 1362 787 dierum
1387 749 1598 788 molestiam
1626 763 1776 801 prorsus

211 820 403 870 abjecerim
429 833 474 856 ex
499 818 634 855 animo.
682 818 764 855 Etsi
789 817 888 854 enim
915 816 1063 866 quoties
1084 815 1128 852 de
1152 821 1190 852 te
1212 815 1355 865 cogito,
1383 815 1481 865 quod
1503 821 1604 853 certo
1629 815 1775 851 assidue

209 891 246 921 ct
273 884 310 920 in
343 883 506 932 singulas
540 882 650 919 horas
676 882 786 926 facio,
816 885 853 918 et
883 880 955 917 nisi
987 879 1159 925 facerem,
1190 879 1360 929 ingratus
1393 892 1527 925 essem,
1561 879 1644 930 ipsa
1672 879 1775 929 cogi-

209 948 347 985 tatione
382 954 420 984 et
454 947 633 984 memoria
664 946 718 983 tui
746 944 910 983 nominis
943 944 1144 995 perfundor
1177 943 1336 994 gaudio3
1376 949 1501 981 tamen
1531 956 1617 981 cum
1650 943 1777 980 literas

209 1019 289 1048 tuas
318 1011 364 1048 ad
390 1024 450 1048 me
479 1011 630 1060 scriptas
659 1011 760 1060 lego,
787 1010 914 1047 videor
944 1007 1035 1045 mihi
1069 1021 1149 1045 esse
1181 1008 1326 1058 Tiguri,
1359 1014 1397 1045 et
1422 1014 1460 1045 te
1489 1007 1616 1045 videre
1638 1020 1774 1051 coram,

209 1081 246 1112 ct
266 1082 387 1112 tecum
410 1075 657 1112 amaenissime
677 1074 860 1124 colloqui:
890 1074 987 1124 quod
1014 1073 1199 1123 equidem,
1219 1071 1312 1109 mihi
1332 1072 1452 1118 crede,
1471 1071 1588 1123 pluris
1610 1072 1775 1115 aestimo,

209 1151 317 1189 quam
346 1152 474 1176 omnes
504 1152 592 1190 opes
623 1139 894 1189 episcoporum.

287 1203 343 1240 Dc
378 1204 556 1254 religione
588 1203 686 1253 quod
715 1202 857 1246 scribis,
892 1208 929 1238 et
960 1208 1063 1239 veste
1093 1200 1254 1246 scenica,
1288 1201 1322 1239 O
1350 1200 1495 1238 utinam
1517 1200 1556 1238 id
1586 1201 1775 1252 impetrari

208 1267 410 1319 potuisset!
466 1267 545 1305 Nos
564 1267 711 1318 quidem
731 1272 806 1303 tam
830 1267 942 1303 bonae
967 1279 1089 1304 causae
1115 1279 1194 1303 non
1216 1266 1412 1303 defuimus.
1467 1265 1542 1302 Sed
1566 1265 1620 1303 illi
1644 1266 1776 1316 quibus

206 1332 278 1368 ista
309 1337 501 1382 tantopere
530 1331 757 1381 placuerunt,
791 1331 912 1375 credo,
943 1331 1087 1381 sequuti
1120 1336 1206 1367 sunt
1238 1330 1425 1368 inscitiam
1453 1330 1773 1381 presbyterorum:

210 1408 300 1445 quos
325 1395 497 1444 quoniam
522 1394 614 1432 nihil
641 1395 739 1432 aliud
763 1395 935 1432 videbant
960 1408 1054 1440 esse,
1084 1408 1193 1445 quam
1217 1394 1374 1445 stipites,
1401 1393 1481 1431 sine
1499 1394 1669 1444 ingenio,
1696 1394 1775 1432 sine

210 1459 387 1502 doctrina,
419 1459 497 1495 sine
530 1459 706 1503 moribus,
739 1465 839 1495 veste
873 1459 1003 1496 saltem
1036 1459 1181 1496 comica
1207 1459 1383 1496 volebant
1413 1459 1552 1509 populo
1585 1471 1775 1496 commen-

211 1523 300 1559 dari.
356 1523 451 1559 Nam
476 1529 516 1559 ut
540 1523 684 1560 alantur
706 1523 818 1560 bonae
842 1523 972 1569 literae,
999 1529 1036 1560 et
1056 1529 1272 1574 surrogetur
1299 1536 1409 1573 seges
1432 1523 1555 1574 aliqua
1579 1524 1774 1561 doctorum

211 1586 414 1627 hominum,
457 1586 568 1631 nulla,
608 1587 641 1624 O
682 1587 785 1624 Deus
827 1587 937 1631 bone,
977 1587 1080 1624 nulla
1115 1587 1186 1625 hoc
1226 1593 1395 1637 tempore
1437 1601 1525 1625 cura
1564 1588 1771 1638 suscipitur.

213 1651 342 1699 Itaque
369 1650 540 1699 quoniam
558 1664 644 1688 vera
665 1651 724 1687 via
747 1664 822 1687 non
844 1658 1014 1701 possunt,
1042 1652 1123 1689 istis
1150 1651 1299 1689 ludicris
1320 1651 1471 1702 ineptiis
1493 1658 1621 1689 tenere
1644 1653 1776 1689 volunt

212 1713 336 1750 oculos
372 1714 628 1751 multitudinis.
683 1715 776 1751 Sunt
805 1715 950 1764 quidem
983 1715 1079 1761 istae,
1113 1722 1155 1753 ut
1189 1721 1230 1753 tu
1261 1715 1402 1766 optime
1435 1716 1574 1760 scribis,
1608 1716 1774 1767 reliquiae

210 1776 521 1815 Amorrhaeorum.
572 1778 666 1822 Quis
691 1778 788 1815 enim
813 1778 851 1815 id
876 1780 1017 1828 neget?
1067 1779 1192 1830 Atque
1222 1780 1365 1817 utinam
1392 1780 1592 1830 aliquando
1616 1781 1662 1818 ab
1688 1781 1774 1818 imis

211 1840 392 1877 radicibus
419 1842 551 1879 auferri
579 1848 616 1879 et
641 1842 815 1892 extirpari
842 1843 1007 1892 possint!
1044 1850 1184 1881 nostrae
1214 1844 1363 1894 quidem
1392 1857 1464 1882 nec
1491 1845 1587 1882 vires
1618 1845 1666 1882 ad
1691 1859 1772 1883 eam

212 1917 287 1940 rem
316 1918 384 1941 nec
411 1918 519 1942 voces
547 1906 713 1943 deerunt.

289 1968 398 2012 Quod
424 1969 551 2006 scribis
572 1983 649 2007 esse
675 1971 853 2021 quosdam
873 1972 934 2022 qui
954 1972 1093 2009 nullam
1117 1972 1238 2011 adhue
1263 1973 1578 2024 significationem
1607 1973 1775 2011 dederint

210 2045 286 2069 suae
306 2045 394 2081 erga
418 2039 455 2070 te
480 2034 692 2079 voluntatis,
714 2034 916 2073 subolfacio
946 2036 1113 2086 equidem
1139 2051 1230 2087 quos
1250 2037 1361 2075 dicas.
1418 2038 1504 2083 Sed,
1534 2036 1626 2074 mihi
1651 2037 1773 2080 crede,

210 2109 285 2133 non
318 2102 401 2132 sunt
437 2110 481 2134 eo
516 2111 670 2135 numero
707 2104 771 2135 aut
805 2099 902 2145 loco,
939 2114 1012 2150 quo
1049 2107 1089 2138 tu
1120 2101 1277 2139 fortasse
1314 2107 1436 2154 putas,
1474 2115 1619 2153 quoque
1652 2101 1774 2138 omnis

215 2159 325 2196 [srael
360 2160 441 2197 illos
478 2162 648 2211 sperabat
684 2162 786 2199 fore:
836 2177 922 2200 nam
960 2164 988 2201 si
1027 2166 1293 2204 essent—Non
1330 2166 1558 2216 scripserunt
1592 2165 1776 2203 hactenus

210 2224 256 2260 ad
291 2229 341 2267 te,
377 2237 450 2261 non
487 2226 582 2275 quod
617 2226 804 2263 noluerint
844 2234 907 2264 aut
942 2229 995 2265 tui
1031 2230 1136 2267 obliti
1172 2230 1322 2276 fuerint,
1369 2231 1433 2268 sed
1468 2231 1566 2281 quod
1601 2230 1775 2280 puduerit

210 2286 377 2324 scribere.
430 2288 537 2326 Nunc
560 2295 710 2341 uterque
736 2292 952 2341 gravissime
974 2293 1116 2330 laborat
1142 2308 1161 2331 e
1185 2301 1377 2345 quartana,
1405 2296 1470 2332 sed
1494 2293 1776 2346 α’ρχιμάνγειρος,

211 2351 379 2399 quoniam
408 2358 462 2389 est
488 2360 620 2390 natura
645 2354 809 2400 tristiori,
837 2357 955 2393 multo
984 2358 1142 2407 gravius.

289 2415 510 2463 Ingemuisti
547 2430 612 2468 pro
647 2423 712 2455 tua
744 2433 832 2469 erga
864 2433 1098 2458 communem
1130 2436 1280 2461 causam
1317 2424 1470 2474 pietate,
1508 2436 1592 2461 cum
1628 2422 1774 2460 audires

213 2477 301 2514 nihil
336 2486 566 2528 prospectum
605 2495 683 2518 esse
715 2484 885 2533 cuiquam
918 2491 1097 2522 nostrum.
1159 2487 1270 2525 Nunc
1307 2501 1398 2539 ergo
1435 2500 1557 2525 rursus
1593 2487 1771 2537 ingeme:

213 2553 295 2577 nam
326 2555 372 2577 ne
396 2542 510 2580 adhuc
537 2545 682 2593 quidem
712 2547 917 2597 quicquam.
974 2550 1135 2587 Tantum
1164 2552 1455 2590 circumferimus
1484 2551 1616 2588 inanes
1644 2551 1774 2588 titulos

214 2605 479 2654 cpiscoporum,
505 2614 540 2644 et
567 2622 588 2645 a
617 2610 729 2647 Scoto
762 2617 799 2647 et
828 2612 974 2650 Thoma
1002 2614 1201 2652 defecimus
1228 2616 1274 2653 ad
1305 2616 1539 2654 Oecamistas
1569 2621 1608 2652 et
1640 2614 1774 2653 Nomi-

212 2668 326 2704 naleS.
382 2670 465 2713 Sed,
492 2677 532 2707 ut
563 2672 647 2716 scis,
679 2687 818 2723 magna
847 2683 932 2713 sunt
961 2685 1151 2715 momenta
1181 2693 1391 2730 regnorum.
1449 2680 1595 2730 Regina
1621 2679 1701 2729 ipsa
1736 2685 1774 2716 et

213 2745 333 2768 caus-ut
368 2733 478 2777 favet,
516 2740 552 2770 ct
585 2737 692 2773 nobis
730 2739 842 2788 cupit.
900 2740 1163 2788 Quamobrem,
1208 2745 1278 2781 etsi
1315 2745 1405 2782 satis
1450 2745 1540 2781 dura
1579 2749 1667 2781 sunt
1700 2744 1773 2780 ista

213 2794 330 2838 initia,
368 2802 491 2833 tamen
531 2811 605 2834 non
647 2801 841 2850 abjicimus
878 2804 1036 2849 animos,
1083 2820 1152 2844 nec
1190 2808 1392 2846 desinimus
1431 2821 1577 2860 sperare
1614 2808 1772 2845 laetiora.

212 2857 334 2894 Facile
364 2859 559 2903 intereunt,
590 2876 674 2911 qumr
703 2864 809 2902 facile
838 2869 1089 2905 maturitatem
1117 2878 1371 2921 assequuntur.

290 2921 350 2957 De
387 2923 477 2959 libro
513 2930 577 2961 tuo
618 2928 770 2964 memini
808 2942 880 2974 me,
923 2938 1121 2982 antequam
1156 2935 1382 2973 discederem
1421 2936 1608 2982 Londino,
1653 2936 1700 2973 ad
1736 2941 1773 2972 te

211 2984 401 3035 scripsisse
431 2988 605 3037 pluribus.
661 2990 730 3027 Sed
760 2992 833 3030 illae
866 2994 983 3033 literae
1015 2996 1184 3043 fortasse,
1222 3005 1264 3036 ut
1295 2999 1349 3045 fit,
1383 3001 1524 3051 periere
1561 3002 1600 3038 in
1630 3001 1773 3038 itinere.
