1845 3233
113 136 167 177 62
367 147 574 174 JOHANNES
606 144 776 170 JUELLUs
810 143 864 167 AD
895 140 1107 167 HENRICUM
1140 139 1442 165 BULLINGERUM.
1545 122 1687 180 [EPIST.

111 271 245 318 potest.
301 264 401 301 Antc
427 259 704 312 quatuordecim
730 270 876 295 menses
900 256 946 293 ad
972 255 1160 305 Reginam
1186 253 1446 291 Elizabetham
1470 254 1573 291 misit
1593 269 1687 293 nun-

114 331 210 367 cium
227 343 233 366 :
262 329 292 365 is
310 326 485 377 quoniam
504 324 667 361 nondum
688 322 801 360 etiam
819 320 935 370 recipi
954 324 1080 370 potest
1099 318 1138 355 in
1156 317 1349 367 Angliam,
1370 317 1490 355 haeret
1507 318 1628 357 adhuc
1646 319 1687 357 in

114 392 295 431 Flandria.
351 390 508 440 Sperant
533 386 653 424 adhuc
676 385 814 436 aliquid
838 396 948 435 posse
974 382 1096 426 effici3
1128 382 1294 418 nondum
1311 395 1442 419 omnes
1459 382 1687 433 ineptiarum

113 469 258 494 suarum
282 453 424 492 radices
449 452 592 489 evulsas
620 463 723 494 esse3
751 461 831 486 esse
856 446 974 484 adhuc
1001 446 1157 496 aliquOS‚
1188 459 1283 496 quos
1309 459 1386 483 non
1414 446 1583 483 dubitent
1607 460 1688 484 esse

113 532 258 558 suarum
287 517 458 568 partium.
515 515 586 552 Sed
613 514 702 565 quid
728 525 801 563 ego
825 511 926 548 ista?
955 523 998 547 ea
1022 509 1123 547 enim
1151 509 1278 546 omnia
1305 510 1352 547 ad
1378 510 1426 547 D.
1455 510 1620 556 Petrum,
1645 516 1688 548 ut

113 584 202 628 dixi,
239 581 368 632 scripsi
405 579 533 617 fusius.
588 579 637 616 D.
674 576 888 614 Johannem
924 573 1137 619 Schneider,
1170 574 1348 624 juvenem
1381 574 1485 611 illum
1521 580 1687 612 vestrum

111 647 344 697 Tigurinum,
381 658 428 681 cx
459 656 533 694 quo
568 642 692 680 Julius
725 646 853 678 noster
890 638 1062 675 discessit
1096 651 1142 674 ex
1180 637 1336 688 Anglia,
1373 651 1564 689 nunquam
1600 639 1688 676 vidi.

114 711 196 749 Nec
224 710 382 753 mirum;
417 708 530 757 longe
556 706 657 743 enim
686 704 855 755 gentium
883 702 1071 739 absumus,
1126 701 1269 739 Tamen
1296 702 1401 739 illum
1429 709 1518 740 ante
1545 702 1689 754 aliquot

114 788 260 813 menses
286 772 407 810 audivi
435 771 525 808 satis
548 769 746 808 commode
764 780 897 818 agere:
928 765 1028 817 quod
1053 765 1084 803 si
1107 765 1197 816 quid
1222 779 1315 816 opus
1340 767 1422 812 erit,
1450 772 1488 804 et
1511 780 1585 817 ego
1609 768 1690 818 ejus

112 839 274 878 rationes
292 836 384 874 scire
404 841 548 886 potero,
577 834 672 871 dabo
690 832 889 882 diligenter
915 843 1080 880 operam,
1109 842 1158 867 ne
1182 830 1270 881 quid
1286 830 1339 867 illi
1359 844 1382 868 a
1399 844 1460 868 me
1479 831 1585 868 desit.
1643 831 1689 868 Id

113 916 186 953 ego
209 908 246 939 et
270 899 493 938 humanitati
510 904 586 935 tuae
607 903 645 934 et
662 895 855 947 Tigurinoe
875 894 1016 932 civitati
1037 894 1169 939 debeO,
1196 900 1235 931 et
1256 907 1318 932 me
1343 895 1475 932 debere
1500 894 1688 945 profiteor.

114 965 296 1005 Nonnihil
313 964 439 1009 miror,
469 962 694 1000 Burcherum
713 965 882 997 nostrum
900 958 947 995 ad
965 971 1035 995 nos
1062 963 1148 995 ante
1166 958 1238 996 hoc
1256 964 1405 1009 tempus
1424 972 1502 997 non
1520 959 1688 997 venisse:

114 1030 261 1081 scripsit
285 1029 383 1066 enim
409 1042 447 1065 se
472 1032 693 1070 venturum3
732 1030 770 1062 et
797 1037 843 1061 ex
870 1023 988 1060 literis
1014 1023 1209 1060 videbatur
1235 1036 1315 1060 esse
1337 1023 1377 1060 in
1402 1023 1549 1061 itinere.
1605 1023 1690 1073 Ego

111 1095 165 1133 illi
192 1094 296 1132 valde
325 1093 447 1144 cupio,
475 1098 513 1129 et
537 1098 613 1128 tuae
641 1088 889 1127 dominationi
916 1088 994 1138 ejus
1016 1087 1170 1124 nomine
1200 1100 1276 1137 ago
1302 1086 1452 1137 gratias.

194 1159 296 1195 Deus
315 1170 380 1194 vos
397 1169 540 1200 omnes,
570 1161 608 1192 et
624 1161 673 1200 te,
701 1153 752 1191 mi
770 1159 887 1204 pater,
914 1152 1111 1203 imprimis,
1138 1157 1176 1189 et
1193 1152 1387 1189 ecclesiam
1404 1151 1690 1203 rempublicam-

113 1236 185 1274 que
202 1227 362 1259 vestram
380 1225 573 1258 conservet
599 1218 825 1257 incolumem
842 1230 849 1254 :
879 1223 917 1254 et
935 1217 966 1254 si
984 1217 1066 1267 quis
1084 1222 1152 1263 est,
1171 1216 1236 1267 qui
1254 1216 1360 1254 vobis
1379 1215 1476 1253 male
1494 1216 1597 1261 velit,
1626 1216 1694 1253 det

112 1286 166 1324 illi
190 1286 299 1323 breve
322 1285 441 1322 vivere
469 1290 507 1321 ct
533 1296 664 1334 parum
691 1295 815 1333 posse.
870 1281 1078 1318 Scriberem
1104 1281 1223 1332 plura,
1258 1281 1289 1318 si
1321 1286 1559 1318 occurrerent
1585 1280 1692 1330 plura

115 1350 230 1400 digna
261 1362 345 1400 quoe
380 1355 458 1385 tam
495 1347 622 1399 procul
654 1346 914 1384 scriberentur.
981 1345 1111 1382 Saluta
1143 1345 1324 1395 optimam
1357 1345 1459 1382 illam
1495 1344 1688 1388 feminam,

114 1427 268 1452 uxorem
295 1420 409 1459 tuam,
438 1413 484 1450 D.
515 1412 745 1455 Gualterum,
777 1410 825 1447 D.
863 1409 1008 1447 Josiam
1034 1409 1247 1455 Simlerum,
1282 1409 1331 1447 D.
1364 1408 1605 1454 Lavaterum,
1639 1408 1689 1446 D.

116 1478 345 1528 Zuinglium,
370 1478 418 1514 D.
445 1476 653 1522 Hallerum,
693 1476 740 1513 D.
777 1476 997 1518 Gesnerum,
1026 1474 1073 1511 D.
1100 1473 1317 1524 Volphium,
1344 1474 1392 1512 D.
1420 1473 1610 1519 Vickium,
1638 1473 1687 1510 D.

115 1542 287 1587 Frisium,
317 1542 364 1579 D.
405 1541 612 1579 Henricum
650 1539 925 1590 Bullingerum,
968 1538 1086 1575 filium
1119 1543 1237 1584 tuum,
1276 1538 1459 1588 optimum
1496 1538 1688 1588 juvenem.

117 1607 200 1644 Etsi
225 1606 343 1643 nullus
368 1612 535 1642 nostrum
562 1610 619 1642 est
645 1617 806 1649 mecum,
836 1610 961 1641 tamen
987 1616 1059 1653 ego
1080 1608 1118 1639 te
1145 1616 1223 1640 non
1252 1603 1383 1640 dubito
1411 1602 1580 1640 omnium
1608 1602 1690 1639 illo-

114 1683 197 1708 rum
223 1670 374 1708 nomine
404 1669 579 1714 salutar13
622 1669 698 1706 scio
729 1669 829 1705 enim
863 1667 946 1704 illos
981 1668 1025 1704 de
1055 1673 1121 1704 tua
1154 1667 1425 1711 dominatione,
1457 1666 1512 1703 uti
1542 1666 1691 1711 debent,

115 1747 226 1785 quam
257 1733 629 1771 honorificentissime
662 1733 840 1783 cogitare.
895 1732 1002 1776 Vale,
1024 1731 1077 1768 mi
1106 1737 1224 1782 pater,
1253 1737 1291 1769 et
1323 1731 1474 1769 domine
1506 1731 1690 1768 colendis-

117 1799 232 1836 simc:
264 1804 300 1835 et
327 1798 357 1835 si
387 1798 475 1848 quid
501 1810 575 1847 ego
611 1803 674 1834 aut
709 1811 789 1834 sum
829 1802 894 1834 aut
931 1809 1097 1847 possum,
1127 1796 1166 1833 id
1199 1809 1311 1833 omne
1343 1801 1433 1847 puta
1457 1808 1540 1833 esse
1571 1801 1689 1832 tuum.

117 1862 345 1908 Sarisberiae‚
375 1865 398 1899 9
429 1861 600 1899 Februar.
629 1875 688 1899 an.
713 1863 826 1899 1562.

814 1931 908 1970 Tuae
937 1931 1189 1969 dominationi
1215 1931 1481 1977 deditissimus,

877 2007 1166 2046 JOHANNES
1194 2007 1450 2054 JUELLUS,
1477 2006 1636 2058 Anglus.

660 2307 960 2350 EPISTOLA
1001 2308 1149 2351 XLV.

348 2476 603 2508 JOHANNES
630 2478 842 2511 JUELLUS
872 2481 941 2511 AD
971 2480 1152 2512 ,JOSIAM
1185 2480 1459 2511 SIMLERUM.

197 2548 232 2584 S.
263 2548 333 2585 PL.
361 2551 399 2587 in
429 2552 591 2591 Christo.
650 2554 752 2599 Quid
777 2568 850 2605 ego
878 2569 978 2593 nunc
1005 2557 1052 2593 ad
1076 2562 1115 2593 te
1143 2556 1315 2601 scribam,
1336 2556 1390 2593 mi
1420 2555 1556 2594 Josia?
1593 2568 1692 2594 nova

121 2610 220 2647 enim
250 2614 376 2651 omnia
404 2629 488 2665 quac
517 2623 633 2662 erant,
663 2619 740 2655 imo
774 2619 886 2656 etiam
916 2619 1074 2657 fortasse
1104 2633 1191 2670 quae
1219 2634 1296 2657 non
1323 2626 1441 2665 erant,
1467 2620 1547 2670 jain
1581 2626 1693 2657 antea

119 2674 263 2724 conjeci
289 2676 327 2712 in
356 2691 417 2714 eas
446 2679 570 2717 literas
602 2694 695 2731 quas
726 2682 854 2732 scripsi
885 2683 932 2720 ad
963 2683 1011 2721 D.
1040 2684 1301 2734 Bullingerum
1326 2690 1365 2721 et
1389 2684 1436 2721 ad
1461 2685 1508 2722 D.
1538 2684 1692 2721 Petrum

120 2737 335 2788 Martyrem.
390 2741 548 2780 Crambe
567 2751 705 2790 autem,
725 2746 780 2782 uti
799 2746 884 2791 scis,
902 2747 959 2783 bis
978 2748 1101 2797 posita
1125 2761 1225 2785 mors
1244 2754 1312 2786 est.
1370 2748 1546 2786 Putidum
1566 2754 1691 2786 autem

117 2808 217 2838 esset
243 2809 367 2840 vetera
395 2811 432 2841 et
459 2807 625 2845 obsoleta
656 2809 826 2846 scribere.
882 2810 988 2848 Nihil
1015 2825 1106 2862 ergo
1140 2825 1212 2862 ego
1234 2812 1281 2849 ad
1305 2812 1372 2849 te?
1424 2813 1620 2850 Johannes
1645 2812 1693 2850 ad

117 2865 260 2903 Josiam
274 2866 289 2903 ‘2
335 2867 358 2904 J
362 2869 476 2906 uellus
495 2871 540 2907 ad
560 2872 784 2910 Simlerum?
831 2872 1095 2912 Amicissimus
1114 2876 1160 2913 ad
1179 2876 1447 2913 amicissimum
1464 2877 1479 2913 ?
1525 2877 1692 2916 Scribam

119 2935 233 2977 certe,
252 2931 381 2969 saltem
405 2938 446 2970 ut
470 2933 657 2985 intelligas
675 2949 734 2974 me
753 2937 890 2985 vivere,
910 2944 948 2976 et
967 2945 1005 2977 te
1025 2945 1184 2991 tuosque
1204 2953 1334 2977 omnes
1357 2940 1396 2977 in
1415 2940 1533 2978 oculis
1552 2953 1693 2991 gerere,
