1845 3233
73 146 209 203 xmx]
414 155 606 188 moninus
639 160 764 187 coxus
799 159 852 184 AD
884 159 1046 184 PETRUM
1082 157 1323 184 MARTYREM.
1592 138 1647 185 67

70 292 136 329 pro
164 278 286 329 aliqua
314 284 428 329 parte,
460 278 605 328 quietus
634 277 745 314 etiam
775 276 967 321 hactenus,
1001 276 1072 313 nisi
1101 276 1199 327 quod
1232 272 1465 313 clanculariis
1490 272 1642 311 concili-

72 343 189 380 abulis
218 355 306 380 suos
335 342 462 380 fovent
483 355 636 386 errores,
661 348 699 379 et
727 341 775 379 ad
807 341 907 379 verbi
932 340 1160 378 auditionem
1189 353 1294 377 aures
1317 339 1473 376 libenter
1501 338 1642 375 obstru-

72 414 147 444 unt.
203 406 300 444 Cum
331 419 418 444 vcro
457 406 528 444 Dei
557 407 776 443 immensam
807 406 1012 443 bonitatem
1043 405 1334 449 consideramus,
1371 415 1456 454 quae
1493 415 1563 440 nos
1596 401 1643 439 ad

71 471 177 508 sedes
213 471 349 522 patrias
385 471 584 515 revocavit,
619 477 656 507 et
686 470 786 507 verbi
817 483 962 507 cursum
997 469 1088 507 fecit
1119 469 1285 513 liberum,
1320 468 1474 518 ejusque
1510 466 1640 504 minis-

70 535 203 572 terium
226 535 333 572 nobis
356 535 522 579 credidit,
552 534 697 572 animos
722 534 912 585 erigimus,
937 539 975 571 et
999 546 1102 584 spem
1126 532 1257 570 alimus
1283 532 1439 577 firmam,
1467 544 1546 569 non
1570 543 1641 568 nos

72 600 203 636 iterum
235 599 418 637 desertum
451 599 495 636 iri
527 613 549 636 a
583 605 659 636 tam
692 599 755 650 pio
790 599 910 636 Patre.
968 598 1127 635 Proinde
1160 610 1358 648 pergamus
1390 597 1517 634 animo
1553 596 1641 633 forti

71 669 180 714 atque
207 664 360 702 robusto
389 664 441 701 illi
476 664 663 709 inservire,
691 676 815 701 euram
840 675 990 700 omnem
1021 668 1059 699 et
1087 675 1209 699 rerum
1234 674 1445 699 successum
1471 661 1507 698 in
1535 660 1639 697 illum

71 727 324 777 conjicientes.

150 792 284 842 Capita
316 793 401 830 cleri
433 794 549 831 nostri
582 792 752 844 papistiei
790 791 908 829 adhuc
944 791 982 828 in
1019 804 1165 829 carcere
1199 792 1429 829 clauduntur.
1497 789 1640 827 Huma-

69 855 171 908 niter'
200 857 347 907 quidem
385 864 598 903 tractantur,
634 858 700 894 sed
734 856 779 894 de
814 856 983 907 papismo
1019 855 1112 893 nihil
1146 856 1351 893 remittunt.
1417 854 1493 892 Alii
1527 854 1644 891 libere

70 919 210 970 (legunt
242 923 357 972 sparsi
394 923 430 959 in
469 923 578 960 variis
613 921 719 971 regni
758 921 933 972 partibuS‚
971 925 1010 957 at
1045 920 1124 957 sine
1160 920 1353 958 functione
1388 926 1527 964 tamen,
1566 918 1639 955 nisi

69 984 277 1023 clanculum
315 986 481 1024 fortassis
518 1000 596 1024 suae
632 986 832 1037 impietatis
866 985 1007 1023 semina
1039 985 1192 1035 jaciant.
1260 985 1363 1023 Seoti
1405 984 1518 1022 vicini
1553 996 1641 1020 nos-

70 1049 117 1086 tri
153 1051 387 1100 evangelium
420 1051 558 1101 (gratia
591 1050 639 1088 sit
669 1051 752 1088 Deo
767 1049 796 1102 !)
833 1050 989 1088 feliciter
1023 1049 1240 1100 provehunt.
1297 1049 1457 1086 Mirifice
1493 1048 1643 1086 animos

71 1114 220 1164 erigunt
256 1115 414 1165 papistae
450 1129 496 1153 ex
531 1114 691 1152 tumultu
719 1114 757 1151 in
795 1113 925 1151 Gallia.
983 1114 1087 1151 Deus
1117 1127 1184 1165 pro
1223 1114 1332 1151 solita
1367 1127 1433 1150 sua
1468 1112 1637 1150 bonitate

72 1178 311 1228 diligentibus
346 1180 466 1230 ipsum
501 1179 628 1217 omnia
656 1184 775 1216 vertat
803 1178 841 1215 in
877 1178 1030 1223 bonum,
1063 1178 1239 1215 defendat
1272 1191 1374 1223 suos,
1404 1177 1642 1228 hostiumque

70 1242 246 1280 ferociam
285 1244 383 1281 brevi
421 1244 644 1282 contundat!
705 1242 842 1281 Amen.
906 1242 1008 1287 Quid
1044 1256 1131 1280 vero
1167 1248 1300 1293 agatur
1333 1244 1370 1280 in
1399 1243 1480 1280 istis
1508 1241 1642 1280 vestris

71 1306 298 1356 regionibus,
326 1308 487 1344 maxime
511 1307 611 1358 quod
636 1308 682 1344 ad
709 1307 846 1344 Christi
867 1320 1023 1357 regnum
1052 1308 1198 1353 attinet,
1227 1307 1331 1344 avide
1357 1308 1527 1358 cupimus
1550 1319 1641 1356 cog-

71 1383 233 1408 noscere.
288 1372 478 1409 Dominus
504 1371 617 1410 Jesus
644 1378 681 1409 te
709 1371 818 1408 nobis
847 1371 1054 1408 diutissime
1083 1378 1204 1409 servet
1230 1372 1481 1409 ineolumem!
1539 1372 1642 1410 Salu-

70 1434 164 1472 tabis
192 1448 276 1473 meo
304 1436 457 1473 nomine
490 1437 538 1473 D.
574 1436 778 1473 Henricum
813 1435 1086 1486 Bullingerum,
1120 1436 1239 1474 virum
1269 1436 1371 1473 omni
1404 1436 1640 1474 observantia

71 1497 342 1548 dignissimum.
400 1500 611 1537 Salutamus
632 1506 668 1537 te
698 1506 874 1551 tuamque
899 1513 972 1551 ego
999 1513 1164 1551 meaque.
1223 1500 1399 1547 Londini,
1422 1503 1442 1537 5
1461 1500 1640 1551 Augusti,

77 1564 183 1601 1562.

740 1618 844 1656 Tuus
871 1618 910 1656 in
939 1617 1091 1656 Christo
1118 1618 1242 1664 frater,

1039 1693 1315 1732 RICARDUS
1345 1693 1536 1741 COXUS,

519 1799 522 1802 ,
1226 1759 1437 1811 Episcopus
1465 1760 1639 1798 Eliensis.

149 1809 280 1848 Adhuc
309 1825 420 1850 nemo
447 1813 612 1851 retundit
640 1812 880 1850 ferocientem
912 1812 1088 1851 Hosium.

408 1902 671 1930 INscRIPTIO.

176 1955 310 1992 Amico
337 1970 418 1994 meo
440 1958 656 2007 plurimum
684 1959 916 1996 observando

226 2020 274 2056 D.
291 2021 338 2056 D.
358 2021 471 2058 Petro
490 2023 676 2071 Martyri‚
697 2023 924 2059 divinarum

227 2084 429 2122 literarum
463 2086 675 2136 professori
708 2088 751 2123 in
782 2088 912 2124 schola

231 2149 432 2196 Tigurina.

656 2340 953 2382 EPISTOLA
996 2341 1045 2383 L.

220 2511 474 2543 JOHANNES
502 2511 712 2543 JUELLUS
741 2512 808 2542 AD
838 2511 1097 2543 llENRICUM
1128 2511 1496 2544 BULLINGERUM.

149 2606 349 2643 SALUTEM
376 2605 567 2655 plurimam
599 2605 635 2641 in
658 2604 821 2642 Christo.
877 2604 1051 2641 Redditoe
1077 2603 1168 2641 mihi
1197 2609 1281 2641 sunt
1310 2617 1385 2641 non
1422 2603 1473 2641 ita
1498 2604 1637 2654 pridem

71 2671 187 2707 literae
214 2676 302 2713 tuae,
328 2670 476 2720 scriptae
500 2669 630 2719 Tiguri
655 2669 701 2705 ad
726 2669 893 2719 quintum
923 2668 1019 2705 diem
1046 2668 1196 2705 Martii:
1225 2680 1309 2719 quae
1335 2668 1500 2718 quamvis
1517 2675 1640 2706 essent

69 2733 386 2784 ιὶπομεμψίμοιροι
423 2740 462 2770 et
500 2733 674 2783 querulae,
713 2740 839 2770 tamen
877 2732 967 2769 milii
1003 2731 1240 2782 perjucunda*¹
1274 2732 1516 2776 videbantur3
1563 2746 1639 2770 non

68 2804 213 2836 tantum
237 2797 337 2848 quod
365 2811 386 2834 a
413 2804 449 2834 te
474 2803 608 2842 essent,
632 2797 735 2847 cujus
764 2797 888 2834 omnia
913 2796 1049 2847 scripta
1077 2796 1247 2847 dictaque
1275 2795 1366 2833 mihi
1393 2810 1536 2847 semper
1560 2797 1638 2834 visa

71 2868 157 2899 sunt
179 2861 393 2906 honorifica,
414 2862 476 2899 sed
496 2862 608 2899 etiam
635 2862 734 2912 quod
760 2861 921 2898 officium
944 2874 1068 2897 meum
1098 2860 1151 2897 ita
1177 2860 1314 2897 obnixe
1341 2862 1580 2912 requirerent,
1601 2866 1640 2897 et

70 2939 190 2963 meam
213 2926 251 2962 in
276 2926 471 2963 scribendo
496 2926 762 2976 negligentiam
787 2932 824 2963 et
846 2925 1053 2963 socordiam
1081 2924 1295 2962 excitarent.
1353 2925 1438 2975 Ego
1465 2937 1564 2969 vero,
1583 2925 1634 2961 mi

71 2995 185 3038 pater,
218 2997 255 3027 et
287 2990 438 3027 domine
474 2990 745 3036 colcnffissime,
780 2989 849 3027 etsi
882 2989 1005 3027 minus
1041 2988 1195 3026 fortasse
1231 2989 1276 3026 ad
1314 2995 1350 3026 tc
1387 3001 1487 3039 saepe
1518 2989 1638 3026 scribo

1414 3052 1536 3091 *5-2
