1845 3233
127 126 184 165 46
688 136 896 162 JOHANNES
929 135 1103 161 JUELLUS
1562 121 1705 178 [Eprsr.

126 259 185 290 cst
213 258 436 296 curaturum,
467 257 507 287 ut
532 250 803 300 quamprimum
830 254 867 286 et
892 261 1004 299 quam
1031 248 1174 298 optima
1197 249 1269 286 fide
1295 248 1538 288 redderentur
1561 252 1705 303 Tiguri.

128 318 259 367 Itaque
286 318 330 353 D.
358 316 627 353 Bernardinum
656 320 736 351 toto
761 313 833 350 hoc
858 319 1026 362 tempore
1050 326 1120 349 neo
1150 313 1347 363 pecuniam
1374 328 1479 351 suam
1504 317 1703 367 recepisse,

126 394 196 418 nec
228 382 285 417 vel
318 394 339 417 a
367 393 427 416 me
460 379 516 415 vel
545 379 590 415 ab
618 378 783 415 Acontio
812 378 1009 427 quicquam
1043 377 1203 421 audisse,
1236 378 1361 416 miror.
1416 379 1621 418 Redditum
1648 390 1704 420 est

125 445 217 482 mihi
248 449 509 481 testamentum
542 442 760 480 Frenshami
789 441 919 478 nostri.
978 441 1142 478 Ducenti
1170 441 1224 478 illi
1258 444 1429 480 coronati
1464 450 1550 481 sunt
1581 445 1701 484 adhuc

124 508 353 558 Antverpizc,
385 507 482 557 apud
514 506 723 544 Arnoldum
758 506 1044 550 Birkmannum,
1075 519 1151 542 non
1182 506 1307 544 minus
1331 508 1369 545 in
1399 514 1497 554 tuto,
1529 522 1642 560 quam
1670 512 1700 548 si

126 579 252 610 essent
280 572 377 622 apud
400 584 471 607 me.
521 570 738 620 Pamphilus
765 576 822 608 est
850 570 889 607 in
915 569 1066 606 Scotia:
1096 569 1148 606 ibi
1179 583 1329 621 operam
1359 573 1561 623 diligenter
1589 582 1701 613 navat

126 637 272 674 Critoni
298 649 377 673 suo.
436 635 483 672 In
510 636 588 685 ejus
615 635 775 672 reditum
802 648 860 671 res
889 634 1057 671 manebit
1082 634 1242 684 integra.

203 701 323 739 Nonis
350 699 445 737 Maii
472 712 616 735 summa
640 698 753 736 turris
779 698 950 736 ecclesiae
977 710 1074 735 meze
1102 698 1384 738 Sarisberiensis
1407 702 1462 740 ita
1486 716 1564 740 non
1586 708 1700 748 tacta,

122 767 188 803 sed
214 777 390 802 concussa
415 770 471 800 est
498 764 542 800 de
570 763 680 809 coelo,
704 768 745 800 ut
768 777 790 800 a
810 762 964 812 fastigio
990 763 1038 799 ad
1062 763 1308 814 quadraginta
1332 766 1478 804 cubitos
1500 767 1595 804 rima
1619 781 1701 818 per—

123 836 234 881 petua
258 830 470 866 duceretur:
502 834 544 864 tu
562 828 659 873 vide,
683 841 773 865 num
797 827 972 878 quidnam
992 827 1031 864 in
1057 841 1100 864 ea
1126 841 1164 864 re
1193 828 1242 865 sit
1267 829 1383 868 divini
1410 831 1558 868 ominis.
1615 832 1700 882 Ego

121 896 217 932 forte
243 893 407 930 nondum
436 906 480 930 eo
508 905 700 930 veneram:
732 892 833 942 quod
856 892 887 929 si
915 891 1114 937 venissem,
1143 898 1185 929 ut
1215 899 1301 930 sunt
1329 893 1526 931 hominum
1553 901 1699 932 mentes

123 957 390 1009 superstitiosae
425 963 461 994 et
492 957 618 1002 fatuae,
657 956 778 993 omnis
811 956 874 993 illa
910 956 1032 993 clades
1066 957 1237 1007 conjecta
1264 957 1397 995 fuisset
1429 958 1469 995 in
1502 959 1700 996 adventum

120 1036 257 1060 meum.
308 1021 482 1059 Crastino
503 1027 628 1059 tamen
652 1021 712 1058 die
738 1020 964 1071 proficiscor,
992 1026 1030 1058 et
1052 1034 1204 1058 manum
1232 1021 1279 1059 ad
1309 1027 1470 1059 aratrum
1499 1023 1698 1061 admoveo:

123 1087 227 1124 Deus
250 1087 344 1123 bene
370 1086 532 1123 fortunet
560 1099 708 1123 causam
733 1085 858 1122 suam!

198 1151 330 1189 Petrus
356 1150 570 1187 Alexander
601 1163 686 1187 cum
717 1149 879 1187 venisset
915 1149 964 1186 ad
995 1161 1064 1186 nos
1097 1150 1259 1187 calendis
1292 1151 1401 1197 Maii,
1436 1157 1522 1202 post
1557 1152 1700 1202 aliquot

121 1217 199 1254 dies
223 1215 413 1253 restitutus
439 1220 495 1252 est
522 1215 559 1251 in
584 1214 820 1265 praebendam
846 1227 950 1250 suam
972 1213 1011 1250 in
1037 1213 1238 1264 integrum.
1293 1214 1389 1265 Agit
1413 1228 1512 1253 nunc
1536 1216 1699 1253 Londini

120 1280 218 1332 apud
241 1280 288 1317 D.
316 1279 511 1316 Hetonum
536 1285 654 1324 tuum,
678 1285 716 1316 et
741 1278 986 1316 concionatur
1008 1278 1046 1315 in
1070 1278 1226 1316 ecclesia
1245 1279 1451 1317 Gallorum.
1507 1279 1615 1318 Crito
1640 1288 1697 1319 est

120 1345 160 1382 in
188 1357 330 1381 summa
356 1343 486 1393 gratia.
542 1342 580 1380 Si
609 1356 701 1394 quos
726 1349 838 1380 antea
864 1342 1026 1379 habebat
1053 1342 1294 1388 adversarios,
1325 1358 1391 1381 eos
1419 1358 1517 1382 nunc
1543 1345 1697 1382 tandem

119 1408 315 1459 prudentia
345 1415 382 1444 et
409 1408 547 1458 pietate
575 1407 786 1445 conciliavit
811 1407 893 1453 sibi,
923 1412 961 1443 et
986 1406 1074 1443 fecit
1107 1420 1205 1445 suos.
1270 1407 1315 1445 Id
1343 1408 1435 1445 mihi
1464 1409 1551 1446 inde
1579 1423 1697 1459 usque

119 1473 236 1511 literis
259 1473 480 1523 significavit
504 1479 631 1510 noster
651 1471 877 1522 Pamphilus.
922 1472 1063 1509 Verum
1083 1471 1129 1508 de
1150 1471 1222 1509 illis
1243 1472 1353 1509 rebus
1378 1473 1551 1510 omnibus
1575 1474 1697 1511 scribo

119 1538 263 1590 plenius
292 1538 338 1575 ad
365 1538 413 1575 D.
443 1538 711 1587 Bullingerum.

200 1602 427 1640 Falkonerus
445 1608 572 1639 noster
595 1602 688 1639 obiit
712 1601 812 1638 diem
838 1614 956 1638 suum.
1014 1600 1262 1638 Parkhurstus
1281 1600 1402 1638 factus
1425 1606 1481 1638 est
1499 1601 1697 1652 episcopus

119 1666 373 1705 Norvicensis.
431 1667 613 1711 Bonerus,
634 1666 841 1704 Fecnamus
867 1664 1086 1710 monachus,
1108 1666 1233 1710 Patus,
1260 1665 1424 1702 Storaeus
1447 1665 1694 1716 jurisperitus,

120 1731 321 1774 Vatsonus,
345 1731 443 1781 quod
467 1730 598 1767 animis
623 1731 817 1767 obstinatis
842 1730 1052 1767 abstineant
1078 1743 1100 1767 a
1125 1743 1229 1768 sacro
1257 1736 1368 1775 coetu,
1397 1735 1436 1767 et
1460 1730 1498 1766 in
1521 1730 1696 1768 omnibus

121 1795 271 1845 angulis
305 1795 522 1845 religionem
558 1795 680 1840 istam,
717 1808 825 1845 quam
861 1808 930 1832 nos
969 1794 1081 1832 hodie
1120 1795 1350 1845 profitemur,
1387 1793 1616 1831 insectentur
1657 1800 1696 1831 et

120 1859 295 1904 lacerent,
323 1860 481 1911 conjecti
509 1865 594 1896 sunt
620 1860 658 1896 111
686 1872 879 1896 carcerem.
938 1859 1087 1909 Regina
1110 1859 1223 1903 enim,
1244 1858 1385 1896 femina
1408 1858 1697 1909 prudentissima

121 1930 233 1974 atque
261 1924 414 1974 optima,
442 1924 536 1961 virili
564 1938 708 1974 prorsus
741 1924 864 1961 animo
895 1930 932 1960 et
959 1923 1106 1961 fortiter
1132 1923 1299 1974 pollicita
1330 1929 1398 1967 est,
1430 1935 1469 1959 se
1500 1936 1578 1960 non
1610 1936 1693 1973 pas-

120 2000 255 2033 suram,
284 1989 542 2039 utquisquam
572 2002 719 2025 suorum
746 1989 863 2039 possit
889 1988 1041 2039 impune
1070 1988 1115 2025 ab
1143 1987 1212 2025 hae
1238 1987 1420 2037 religione
1450 1987 1639 2024 dissidere.

200 2053 282 2090 Nos
317 2053 451 2103 ubique
490 2053 682 2090 scribimus
718 2053 888 2097 militem,
924 2058 962 2090 et
998 2052 1125 2089 omnia
1162 2064 1421 2102 comparamus
1459 2051 1505 2088 ad
1542 2051 1692 2088 bellum.

119 2117 247 2155 Gallus
270 2117 299 2153 si
321 2117 520 2162 advenerit,
544 2130 620 2154 non
644 2117 838 2168 opprimet,
862 2130 982 2167 spero,
1007 2117 1220 2167 imparatos.
1269 2115 1507 2165 Quanquam,
1530 2121 1573 2152 ut
1594 2129 1694 2153 110110

120 2186 206 2219 sunt
228 2186 407 2231 tempora,
437 2182 496 2218 1110
525 2181 644 2218 hostis
672 2194 748 2218 non
775 2181 828 2218 ita
854 2182 1012 2218 multum
1036 2181 1149 2218 habet
1177 2180 1244 2218 otii
1277 2193 1299 2216 a
1329 2193 1367 2216 re
1398 2192 1476 2224 sua,
1506 2185 1547 2216 ut
1573 2179 1694 2229 possit

119 2258 245 2282 curare
277 2245 406 2283 aliena.
464 2246 566 2283 Deus
594 2245 790 2295 aliquando
823 2251 1026 2295 componat
1056 2245 1146 2282 istas
1179 2244 1317 2289 turbas,
1349 2248 1391 2280 ut
1423 2243 1604 2281 consectis
1636 2257 1691 2281 re—

117 2308 199 2353 bus,
225 2309 410 2359 possimus
440 2315 478 2346 te
512 2322 684 2346 revocare
715 2309 753 2345 in
789 2308 990 2360 Angliam!
1054 2308 1174 2347 Crede
1211 2308 1311 2345 enim
1347 2307 1451 2353 mihi,
1486 2321 1598 2345 nemo
1636 2314 1693 2345 est

118 2373 342 2418 mortalium,
371 2374 416 2410 de
448 2386 522 2423 quo
553 2373 673 2410 nostri
705 2372 876 2410 homines
909 2379 972 2410 aut
1004 2374 1153 2423 saepius,
1186 2378 1250 2410 aut
1287 2372 1454 2416 amicius,
1493 2378 1558 2409 aut
1588 2385 1691 2409 reve-

117 2436 256 2473 rentius
286 2437 388 2487 loqui
420 2437 575 2474 soleant.
634 2437 684 2474 D.
712 2437 901 2482 Caecilius,
930 2451 1087 2488 quocum
1120 2437 1200 2475 heri
1233 2450 1387 2488 pransus
1415 2450 1495 2474 sum
1527 2437 1566 2473 111
1594 2437 1691 2482 aula,

121 2498 169 2536 D.
198 2499 370 2546 Knollus,
397 2501 444 2538 D.
468 2500 648 2538 Wrothus
672 2507 832 2545 orarunt,
858 2508 899 2538 ut
923 2508 960 2539 te
986 2502 1184 2552 plurimum
1210 2515 1276 2539 suo
1302 2501 1453 2538 nomine
1480 2501 1688 2538 salutarem.

120 2562 184 2606 Et,
210 2564 307 2612 quod
329 2570 368 2600 tu
396 2563 549 2601 fortasse
574 2565 635 2601 vix
661 2570 780 2615 puteS,
801 2566 849 2602 D.
870 2565 1084 2603 VViliehnus
1103 2567 1234 2603 Petrus
1259 2579 1342 2603 cum
1370 2565 1513 2602 audiret
1530 2565 1692 2602 mentio-

119 2637 207 2661 nem
233 2626 277 2662 de
305 2632 342 2663 te
370 2627 459 2672 fieri,
488 2629 639 2665 omnino
667 2629 795 2673 oravit,
825 2635 865 2665 ut
894 2643 961 2667 suo
988 2630 1100 2667 etiam
1127 2631 1278 2667 nomine
1307 2630 1409 2667 idem
1436 2629 1608 2666 facerem.

198 2688 345 2727 Salvere
365 2691 510 2740 jubebis
532 2706 553 2728 a
575 2706 634 2729 me
657 2693 836 2743 optimam
859 2693 958 2730 illam
984 2694 1188 2739 mulierem,
1208 2707 1363 2731 uxorem
1383 2699 1500 2738 tuam,
1528 2693 1576 2730 D.
1600 2693 1692 2730 Bul-

118 2751 312 2801 lingerum,
352 2755 399 2791 D.
435 2756 661 2802 Gualterum,
697 2757 745 2793 D.
782 2756 1017 2803 Lavaterum‚
1059 2758 1106 2795 D.
1138 2758 1355 2802 Gesnerum,
1397 2758 1445 2796 D.
1483 2757 1690 2802 Hallerum,

120 2815 169 2852 D.
203 2815 410 2864 Simlerum,
443 2820 489 2856 D.
517 2820 731 2870 Volphium,
762 2820 810 2857 D.
843 2821 1013 2867 Frisium,
1047 2822 1094 2859 D.
1127 2821 1401 2867 Hermannum,
1436 2822 1484 2859 D.
1518 2821 1688 2866 Paulum,

115 2879 254 2917 Julium
282 2895 418 2927 meum,
444 2883 466 2919 J
472 2883 594 2928 uliam,
622 2889 660 2920 et
686 2884 959 2934 Martyrillum3
991 2886 1123 2935 quibus
1146 2899 1219 2935 ego
1247 2886 1431 2932 omnibus,
1455 2886 1601 2936 totique
1628 2898 1689 2922 ec-

117 2943 242 2982 clesiae
275 2951 312 2982 ct
344 2946 556 2996 reipublicae
589 2947 791 2997 Tigurinae,
824 2949 949 2987 omnia
979 2962 1119 3000 precor,
1151 2949 1279 2988 omnia
1308 2950 1428 3001 cupio.
1490 2949 1597 2996 Vale,
1635 2949 1687 2986 mi
