1845 3233
113 152 216 210 exn]
313 167 564 194 LAunEN'mus
594 166 842 194 nuMszous
873 165 927 192 An
960 165 1205 192 RODOLPHUM
1237 161 1498 190 Gisia-rmum.
1614 145 1697 189 169

675 305 976 350 EPISTOLA
1009 307 1134 349 CXI.

152 518 155 522 ,
197 482 511 514 hAURENTlUS
540 480 839 513 HUMFREDUS
865 479 933 510 AD
964 475 1274 510 RODOLI'HUM
1307 472 1626 505 GUALTERUM.

194 557 456 595 hunnum!
514 556 629 595 Venit
658 556 705 593 ad
728 567 789 592 mc
816 554 1006 593 Oxoniam
1036 553 1153 591 literis
1177 552 1252 588 tuis
1276 550 1476 588 comitatus
1505 549 1704 586 Gualtcrus

115 622 213 659 filius
239 627 337 666 tuus,
367 621 495 671 imago
523 621 577 658 tui
606 626 644 658 et
671 632 755 657 vere
784 618 1046 669 Zuinglianus,
1075 623 1112 653 et
1134 616 1226 653 vivit
1252 615 1351 666 apud
1377 613 1703 663 Magdalencnses,

108 685 294 736 jucundus
312 685 405 722 mihi
425 691 463 722 et
488 691 664 735 acceptus
683 684 777 721 meis
796 689 833 720 ct
862 689 990 734 gratus
1010 680 1226 718 academiae.
1276 677 1598 716 Commendarunt
1616 690 1703 714 eum

120 751 163 788 D.
185 762 312 787 comcs
333 749 554 787 Bedfordius
572 756 610 786 et
630 747 891 793 Parkhurstus,
911 747 1051 784 amicus
1069 752 1155 782 tuus
1174 750 1213 782 et
1237 744 1433 795 episcopus
1452 748 1591 785 noster,
1611 740 1703 779 mihi

113 814 239 851 multis
259 813 475 851 nominibus
492 813 757 851 observandus.
814 812 946 862 Itaque
965 816 1003 848 et
1021 816 1086 847 tua
1105 823 1218 847 causa
1237 814 1275 846 et
1293 808 1440 845 illorum
1459 805 1703 844 honoratissi—

114 890 258 915 morum
279 883 415 928 rogatu
435 890 519 915 eum
540 877 577 915 in
603 890 726 914 meam
752 876 865 914 fidem
888 883 925 913 ct
950 876 988 913 in
1014 874 1216 924 collegium
1236 872 1373 922 recepi,
1397 870 1490 908 mihi
1511 871 1704 921 gratulans

112 943 225 980 talem
255 956 315 980 me
350 941 483 980 habere
511 941 712 992 hospitem.
770 941 816 979 D.
856 940 1109 978 Parkhurstus
1148 937 1378 988 amplissime
1416 936 1624 986 pollicetur,
1661 948 1703 973 se

113 1007 239 1044 onmia
266 1007 477 1044 necessaria
512 1005 857 1057 suppeditaturum;
895 1011 932 1042 ct
964 1017 1037 1054 ego
1069 1015 1191 1041 meam
1221 1013 1331 1051 opem
1358 1006 1395 1037 et
1428 1012 1579 1050 operam
1606 1000 1704 1037 ultro

112 1072 240 1116 offero,
258 1071 288 1108 si
309 1071 511 1122 quomodo
529 1070 625 1108 tanti
641 1069 892 1108 adolescentis
912 1068 1133 1107 utilitatibus
1152 1066 1326 1104 inservire
1346 1071 1490 1116 potero.
1547 1064 1646 1102 Nam
1666 1070 1706 1101 et

112 1137 299 1185 ingenuos
322 1134 487 1172 hominis
509 1147 632 1172 mores
658 1148 701 1172 ac
727 1134 878 1172 liberale
903 1133 1097 1184 ingenium
1122 1144 1234 1175 amo;
1270 1136 1307 1167 ct
1331 1130 1427 1180 patri
1453 1129 1533 1175 tali,
1559 1129 1622 1179 qui
1647 1134 1706 1166 tot

113 1199 191 1237 dies
217 1212 259 1237 ac
285 1204 418 1237 noctes
449 1199 486 1236 in
522 1198 726 1249 gignendis
753 1197 939 1248 evangelii
968 1197 1055 1234 filiis
1084 1202 1122 1233 et
1149 1196 1188 1232 in
1216 1194 1462 1245 propagando
1491 1193 1705 1231 christianae

115 1263 285 1300 eeclesiae
318 1263 519 1300 seminario
553 1262 753 1307 consumit,
784 1262 912 1299 onmia
942 1274 1003 1298 me
1036 1260 1171 1298 debere
1202 1259 1331 1296 fatcor.
1376 1258 1497 1307 Perge
1526 1270 1637 1308 porro
1666 1257 1705 1294 in

113 1327 202 1364 illud
233 1327 401 1364 divinum
438 1326 600 1363 studium
635 1326 864 1371 incumbere,
893 1332 934 1363 ut
970 1326 1057 1363 dum
1090 1325 1188 1369 licet,
1220 1323 1332 1361 etiam
1367 1322 1480 1359 libeat
1512 1321 1705 1372 religionis

113 1391 311 1441 puritatem
332 1391 440 1435 tueri,
460 1396 498 1428 et
510 1391 702 1428 veritatem
723 1390 903 1428 hactenus
923 1390 961 1427 in
976 1390 1182 1439 caliginoso
1199 1400 1310 1438 specu
1330 1386 1633 1424 Romanistarum
1648 1385 1708 1423 vel

114 1456 263 1493 inscitia
288 1456 346 1493 vcl
376 1455 520 1492 malitia
546 1456 752 1493 abstrusam
786 1455 980 1493 illustrare.
1039 1453 1332 1492 Pulcherrimum
1364 1452 1463 1488 enim
1494 1456 1552 1488 est
1585 1463 1704 1501 usque

113 1520 159 1555 ad
196 1532 310 1556 canos
347 1532 492 1564 canere,
532 1527 570 1556 et
607 1520 743 1557 seniles
781 1525 890 1569 atque
925 1519 1020 1556 adeo
1053 1529 1215 1568 cygneae
1246 1515 1584 1553 commentationes
1620 1519 1707 1551 sunt

114 1583 342 1620 dulcissimae
375 1590 413 1620 et
445 1583 690 1633 gravissimae.
751 1583 855 1621 Hinc
882 1583 990 1620 vobis
1020 1583 1203 1620 talentum
1229 1579 1352 1630 magis
1384 1593 1406 1616 a
1430 1579 1598 1616 Domino
1618 1592 1710 1616 con-

113 1660 273 1691 cessum,
302 1647 389 1684 hinc
409 1661 481 1698 pax
501 1653 539 1684 et
556 1647 673 1685 otium
694 1654 732 1685 et
752 1661 921 1685 secessus
945 1648 1092 1691 dantur,
1121 1646 1209 1682 hinc
1236 1642 1501 1694 typographia!
1523 1649 1706 1694 praestan·

114 1712 260 1749 tissima
288 1712 549 1757 commoditas,
580 1717 621 1749 ut
651 1712 689 1749 in
717 1711 787 1749 hac
816 1711 1006 1748 affluentia
1037 1722 1161 1748 rerum
1191 1708 1373 1752 onmium,
1407 1707 1446 1744 in
1474 1720 1619 1744 Summa
1642 1721 1708 1757 op-

115 1777 344 1826 portunitate
362 1776 513 1827 prositis
537 1776 644 1814 nobis
671 1776 877 1821 Britannis,
898 1781 979 1812 toto
1006 1775 1094 1812 orbe
1113 1773 1251 1818 divisis,
1270 1772 1333 1822 qui
1355 1771 1529 1809 omnibus
1550 1771 1625 1809 fere
1650 1771 1708 1809 his

117 1840 352 1877 adminiculis
378 1840 603 1890 indigemus.
661 1841 899 1890 Quamquam
930 1839 1004 1876 Dei
1030 1837 1216 1876 beneficio
1242 1836 1370 1873 omnia
1392 1841 1479 1872 sunt
1508 1836 1606 1885 apud
1638 1849 1709 1874 nos

118 1912 262 1954 pacata,
283 1905 371 1941 licet
388 1905 579 1953 proximus
598 1905 718 1955 paries
737 1905 875 1942 ardeat.
910 1903 1090 1942 Nondum
1107 1902 1209 1939 enim
1225 1902 1326 1939 faces
1346 1901 1511 1938 civilium
1528 1900 1708 1938 bellorum

117 1970 153 2005 in
175 1968 296 2006 Gallia
316 1974 354 2005 ct
372 1967 548 2005 Flandria
565 1969 716 2018 penitus
736 1968 916 2006 extinctae
936 1973 1036 2011 sunt,
1066 1966 1217 2004 tametsi
1237 1965 1283 2002 de
1301 1964 1469 2002 honestis
1487 1964 1709 2015 quibusdam

118 2033 395 2070 conditionibus
414 2032 518 2083 pacis
538 2032 765 2083 colloquium
784 2032 1010 2069 instituatur.

197 2097 243 2134 In
266 2096 394 2134 Scotia
414 2096 476 2134 illa
499 2096 691 2146 virginalis
717 2109 781 2134 arx
807 2095 1117 2145 Edinburgensis,
1139 2093 1212 2146 (sic
1234 2093 1333 2131 cnim
1360 2094 1464 2131 Scoti
1491 2096 1706 2146 vocarunt)

118 2162 357 2212 quantumvis
386 2161 566 2198 hactenus
592 2160 745 2205 invicta,
774 2173 874 2198 nunc
900 2160 1050 2197 demum
1070 2159 1273 2209 prostituta
1292 2164 1349 2195 cst
1369 2164 1406 2194 et
1430 2164 1564 2209 capta3
1596 2172 1708 2209 quam

118 2226 266 2277 Regina
291 2232 421 2264 nostra
451 2240 527 2263 non
551 2225 621 2263 sibi
651 2225 716 2263 scd
743 2238 857 2275 puero
883 2225 961 2274 regi
982 2223 1142 2273 subegit.
1200 2223 1346 2273 Itaque,
1369 2223 1517 2272 Regina
1541 2224 1707 2274 ipsorum

119 2291 215 2341 apud
230 2304 301 2328 nos
320 2297 518 2336 asservata,
546 2295 584 2327 et
609 2289 813 2340 conjuratis
839 2289 1012 2327 omnibus
1030 2289 1087 2326 vel
1109 2301 1148 2325 se
1168 2287 1386 2325 dedentibus
1406 2287 1463 2323 vel
1497 2287 1638 2333 deletis,
1671 2295 1711 2326 et

118 2354 284 2391 :unicitia
314 2355 410 2392 inter
441 2367 505 2392 eos
530 2360 659 2391 mutua
684 2353 874 2398 coalescit,
903 2359 942 2389 et
974 2365 1049 2389 una
1080 2351 1214 2401 religio
1247 2363 1392 2388 summo
1417 2351 1586 2388 onmium
1617 2365 1709 2390 con-

119 2431 230 2455 sensu
250 2425 401 2469 recepta
419 2418 456 2455 in
485 2431 530 2455 eo
555 2431 672 2468 regno
691 2417 901 2454 efflorescit.
965 2416 1152 2454 Dominus
1170 2415 1191 2451 J
1199 2427 1282 2451 esus
1308 2420 1345 2451 tc
1366 2421 1403 2451 ct
1421 2421 1519 2460 tuos,
1554 2415 1601 2452 D.
1619 2415 1711 2454 Bul-

118 2483 317 2532 lingerum,
358 2482 569 2526 Simlcrum,
601 2482 839 2525 Lavatcrum,
869 2494 913 2518 ac
942 2485 1060 2517 totam
1091 2479 1284 2516 ecclesiam
1310 2483 1470 2515 vestram
1500 2485 1708 2526 conservet,

117 2554 156 2582 vt
182 2546 283 2583 omni
315 2546 577 2583 bencdictione
606 2545 790 2582 cumulet!
832 2544 999 2595 Raptim,
1027 2543 1066 2580 in
1094 2542 1228 2580 mediis
1249 2541 1412 2580 comitiis
1435 2542 1708 2593 Magdalcnen—

120 2611 232 2648 sibus.
290 2610 469 2655 Oxoniw,
499 2612 548 2646 :28
575 2609 679 2654 Julii,
712 2611 824 2646 1573.

849 2673 945 2711 Tuae
974 2673 1125 2724 pietatis
1152 2671 1513 2717 observantissimus,

972 2748 1321 2788 LAURENTIL'S
1354 2747 1709 2787 HUMFREDUS.

390 2814 474 2839 ms<
487 2813 644 2839 iiip'rro.

202 2869 412 2906 Carissimo
451 2869 545 2912 vim,
581 2867 645 2903 D⁰.
681 2870 716 2903 et
741 2865 872 2915 fratri

254 2932 529 2976 ‹·0lendissi1no‚
574 2932 623 2969 D.
672 2931 875 2981 Rodolplzo

257 2997 456 3034 Gualcero.
518 2997 670 3045 Tiguri.
