1845 3233
171 170 256 210 100
703 180 928 206 EDMUNDUS
959 179 1211 206 GRINDALLUS
1605 162 1750 224 [EPIST.

169 297 296 335 statim
312 294 511 332 transmisi.
557 293 671 339 Quod
686 294 732 330 ad
751 306 811 330 me
830 293 978 336 attinet,
998 305 1072 342 ago
1091 292 1159 330 tibi
1178 292 1361 331 maximas
1378 293 1531 344 gratias,
1551 298 1632 330 tum
1651 293 1750 344 quod

168 367 376 398 nostrarum
401 358 639 396 ecclesiarum
665 363 807 395 tantam
833 370 959 395 curam
984 357 1097 407 geriS‚
1125 362 1207 394 tum
1236 357 1338 408 quod
1361 371 1435 402 me,
1465 357 1656 395 hominem
1680 358 1750 395 tibi

167 424 352 474 ignotum,
379 421 597 472 participem
625 421 717 459 facis
747 434 886 466 eorum,
917 434 1003 471 quae
1036 420 1083 457 ad
1111 426 1259 458 nostros
1290 421 1337 459 de
1366 422 1474 459 rebus
1504 420 1751 459 controversis

168 487 388 525 scribuntur.

245 550 320 587 Vix
344 548 519 586 credibile
545 555 614 592 est,
641 554 821 599 quantum
849 548 933 585 haec
958 548 1212 586 controversia
1236 548 1284 585 de
1306 548 1415 586 rebus
1439 549 1548 586 nihili
1574 548 1750 586 ecclesias

166 618 311 651 nostras
328 612 562 662 perturbarit,
584 617 621 649 et
638 611 759 649 adhuc
778 611 903 662 aliqua
922 624 969 648 ex
987 616 1092 662 parte
1114 612 1315 663 perturbat.
1373 612 1488 650 Multi
1506 626 1552 650 ex
1568 612 1751 649 ministris

167 676 393 715 doctioribus
410 676 629 713 videbantur
645 675 894 713 ministerium
920 675 1123 720 deserturi;
1153 676 1261 714 multi
1287 677 1400 714 etiam
1423 691 1469 714 ex
1491 677 1601 729 plebe
1620 682 1750 714 contu-

165 741 286 778 lerunt
307 740 463 778 consilia
482 741 528 777 de
545 740 754 778 secessione
772 754 794 777 a
813 740 922 777 nobis
939 739 1124 785 facienda,
1145 746 1183 778 et
1201 741 1356 778 occultis
1375 741 1535 779 coetibus
1555 741 1748 792 cogendis.

168 805 240 842 Sed
266 811 393 841 tamen
421 804 575 841 Domini
604 804 840 854 benignitate
862 804 1030 841 maxima
1051 816 1135 854 pars
1154 804 1201 841 ad
1225 805 1411 842 saniorem
1435 811 1602 842 mentem
1627 804 1751 842 rediit.

167 869 228 906 Ad
248 882 329 906 eam
346 881 424 906 rem
439 869 560 906 literae
580 874 729 914 vestrae,
743 869 868 919 plenae
884 868 1034 919 pietatis
1049 882 1093 906 ac
1108 869 1330 919 prudentiae,
1345 869 1544 919 plurimum
1564 869 1750 907 momenti

166 934 389 977 attulerunt3
419 946 507 970 nam
531 946 593 970 eas
615 933 749 970 Latine
769 939 882 983 atque
899 933 1060 983 Anglice
1085 933 1184 983 typis
1204 932 1432 984 evulgandas
1450 934 1585 971 curavi.
1640 934 1748 972 Non-

165 998 256 1035 nulli
273 1011 319 1034 ex
334 998 528 1042 ministris,
544 1003 668 1035 vestro
682 997 827 1048 judicio
842 1003 956 1048 atque
970 997 1192 1035 auctoritate
1206 998 1378 1048 permoti,
1396 998 1613 1049 abjecerunt
1625 998 1752 1049 priora

166 1061 323 1100 consilia
348 1061 393 1098 de
422 1062 626 1099 deserendo
654 1061 874 1099 ministerio.
929 1061 1004 1099 Sed
1033 1067 1071 1099 et
1096 1075 1143 1099 ex
1166 1062 1276 1113 plebe
1302 1075 1413 1113 quam
1442 1062 1590 1113 plurimi
1619 1062 1750 1099 mitius

165 1126 301 1163 sentire
321 1132 529 1176 coeperunt,
555 1131 753 1177 postquam
776 1126 1044 1164 intellexerunt
1068 1131 1218 1164 nostros
1235 1125 1329 1164 ritus
1354 1140 1376 1164 a
1396 1126 1513 1172 vobis,
1533 1126 1597 1177 qui
1615 1126 1748 1164 iisdem

165 1203 241 1228 non
261 1190 423 1235 utimini,
451 1203 686 1241 nequaquam
706 1190 872 1228 damnari
897 1190 1116 1242 impietatis,
1141 1190 1239 1242 quod
1264 1196 1352 1227 ante
1377 1190 1584 1241 publicatas
1607 1196 1749 1228 vestras

166 1254 290 1291 literas
316 1267 428 1292 nemo
459 1254 531 1291 illis
554 1254 809 1304 persuasisset.
865 1254 961 1292 Sunt
985 1259 1126 1298 tamen,
1153 1254 1217 1305 qui
1241 1253 1362 1292 adhuc
1383 1259 1540 1291 manent
1562 1254 1600 1291 in
1626 1254 1750 1306 priore

166 1318 364 1360 sententia,
391 1323 429 1354 et
454 1318 492 1355 in
517 1317 575 1354 his
605 1318 653 1356 D.
689 1317 918 1355 Humfredus
945 1323 983 1355 et
1011 1317 1254 1368 Sampsonus‚
1280 1323 1350 1355 etc.
1406 1317 1514 1356 Nihil
1536 1331 1624 1356 vero
1650 1312 1751 1355 esset

164 1382 320 1428 facilius,
333 1395 443 1433 quam
461 1383 577 1433 regiae
592 1383 783 1433 majestati
800 1396 865 1421 eos
878 1382 1132 1428 reconciliare,
1153 1382 1185 1419 si
1202 1382 1274 1433 ipsi
1297 1383 1343 1420 ab
1362 1383 1536 1421 instituto
1558 1382 1750 1420 discedere

164 1447 313 1485 vellent.
369 1447 443 1485 Sed
461 1460 573 1497 quum
594 1447 665 1485 hoc
684 1460 759 1484 non
775 1447 931 1492 faciunt,
958 1460 1030 1485 nos
1055 1447 1153 1497 apud
1171 1447 1447 1484 serenissimam
1466 1447 1651 1498 reginam,
1677 1447 1749 1484 ista

165 1511 405 1548 contentione
441 1511 636 1555 irritatam,
664 1510 758 1548 nihil
785 1524 995 1561 possumus.
1051 1510 1133 1549 Nos
1164 1511 1226 1561 qui
1262 1524 1362 1548 nunc
1400 1511 1567 1562 episcopi
1604 1523 1745 1554 sumus,

168 1574 254 1626 (eos
282 1575 366 1613 dico
397 1575 460 1626 qui
491 1575 530 1612 in
559 1575 761 1612 Germania
788 1580 826 1613 et
847 1575 982 1613 ceteris
1006 1574 1098 1613 locis
1127 1573 1386 1626 exulaverant)
1407 1575 1445 1611 in
1474 1574 1594 1626 primo
1618 1579 1749 1612 nostro

163 1639 297 1683 reditu,
316 1639 528 1690 priusquam
548 1639 595 1676 ad
615 1639 865 1676 ministerium
889 1639 1129 1684 accessimus,
1159 1639 1222 1676 diu
1239 1639 1474 1689 multumque
1493 1639 1747 1676 contendeba-

165 1715 262 1748 mus,
301 1709 342 1739 ut
373 1703 456 1748 ista,
485 1703 531 1740 (le
566 1702 699 1754 quibus
724 1716 824 1740 nunc
850 1702 1151 1746 controvertitur,
1171 1715 1320 1754 prorsus
1345 1708 1616 1740 amoverentur.
1674 1702 1747 1740 Sed

166 1780 251 1804 cum
278 1766 368 1804 illud
390 1780 412 1804 a
437 1767 588 1817 Regina
611 1772 650 1805 et
676 1767 834 1805 statibus
859 1767 897 1804 in
917 1766 1082 1805 comitiis
1100 1766 1208 1817 regni
1227 1766 1426 1816 impetrare
1444 1779 1522 1803 non
1542 1766 1747 1816 potuimus,

167 1830 452 1868 communicatis
492 1831 669 1876 consiliis,
716 1831 902 1882 optimum
946 1830 1195 1880 judicavimus
1241 1843 1317 1867 non
1362 1829 1528 1867 deserere
1571 1829 1749 1868 ecclesias

164 1901 316 1946 propter
329 1895 421 1933 ritus
440 1908 517 1933 non
536 1896 630 1933 adeo
646 1896 799 1941 multos,
828 1909 967 1946 eosque
984 1909 1051 1947 per
1069 1908 1107 1932 se
1126 1908 1203 1933 non
1222 1895 1370 1945 impios,
1399 1894 1610 1945 praesertim
1633 1908 1744 1946 quum

164 1973 256 2011 pura
270 1961 456 2010 evangelii
471 1961 640 1998 doctrina
651 1961 760 1998 nobis
771 1961 919 2011 integra
931 1974 975 1998 ac
988 1961 1104 1998 libera
1119 1965 1301 2004 maneret,
1313 1960 1353 1996 in
1366 1973 1440 2011 qua
1454 1960 1501 1997 ad
1516 1958 1615 1997 hunc
1628 1973 1746 2011 usque

164 2024 261 2061 diem
277 2024 485 2075 (utcunque
503 2025 609 2062 multi
629 2026 746 2062 multa
764 2025 803 2062 in
822 2024 1046 2062 contrarium
1064 2024 1186 2062 moliti
1205 2023 1310 2075 sunt)
1326 2037 1411 2061 cum
1431 2024 1563 2063 vestris
1579 2024 1748 2062 ecclesiis

165 2095 356 2140 vestraque
389 2089 624 2127 confessione
657 2103 775 2141 nuper
808 2089 908 2127 edita
941 2089 1154 2141 plenissime
1183 2089 1450 2126 consentimus.
1519 2088 1593 2126 Sed
1625 2102 1746 2140 neque

165 2152 285 2191 adhuc
314 2154 474 2204 poenitet
502 2167 571 2192 nos
588 2154 704 2192 nostri
738 2154 896 2192 consilii.
953 2153 1053 2192 Nam
1083 2154 1237 2199 interea,
1272 2153 1439 2191 Domino
1477 2153 1588 2190 dante
1626 2153 1746 2191 incre-

165 2224 347 2263 mentum,
383 2224 506 2256 auctae
546 2225 584 2256 et
619 2219 853 2257 confirmatae
891 2224 979 2255 sunt
1016 2218 1203 2263 ecclesiae,
1241 2231 1327 2269 quae
1364 2218 1505 2269 alioqui
1542 2218 1745 2263 Eceboliis,

164 2279 397 2326 Lutheranis,
428 2287 466 2319 et
488 2282 747 2333 Semipapistis
768 2283 912 2334 praedae
934 2282 1092 2320 fuissent
1111 2282 1307 2333 expositae.
1364 2282 1454 2320 Istae
1477 2295 1565 2319 vero
1587 2281 1743 2320 istorum

163 2344 438 2396 intempestivae
469 2347 726 2384 contentiones
754 2348 800 2384 de
830 2346 1046 2397 adiaphoris
1076 2345 1127 2398 (si
1156 2346 1244 2397 quid
1272 2360 1344 2397 ego
1369 2346 1539 2397 judicare
1570 2346 1742 2398 possum)

163 2421 238 2445 non
259 2409 460 2455 aedificant,
488 2410 551 2447 sed
571 2410 744 2448 scindunt
762 2411 938 2448 ecclesias
954 2416 992 2448 et
1011 2410 1236 2448 discordiam
1254 2411 1442 2448 seminant
1459 2411 1557 2448 inter
1573 2411 1717 2448 fratres.

242 2472 313 2511 Sed
333 2474 378 2511 de
396 2475 533 2512 nostris
549 2475 659 2512 rebus
677 2474 870 2514 hactenus.
928 2475 974 2513 In
994 2475 1123 2514 Scotia
1140 2489 1217 2514 non
1233 2481 1331 2514 ‘sunt
1356 2489 1415 2514 res
1432 2482 1509 2513 tam
1536 2476 1632 2513 bene
1654 2489 1743 2514 con-

164 2536 308 2574 stitutae
337 2551 446 2588 quam
477 2545 577 2576 esset
604 2541 820 2591 optandum.
877 2540 1057 2578 Retinent
1081 2541 1233 2592 quidem
1258 2541 1378 2579 adhuc
1407 2541 1580 2579 ecclesiae
1610 2554 1742 2591 puram

163 2600 347 2649 evangelii
369 2602 663 2647 confessione1n3
694 2604 758 2641 sed
776 2609 903 2641 tamen
922 2604 1068 2642 videtur
1092 2605 1232 2643 Scotiae
1254 2605 1404 2655 Regina
1430 2604 1602 2642 omnibus
1622 2604 1745 2642 modis

163 2662 342 2707 laborare,
363 2670 403 2700 ut
425 2678 507 2702 eam
532 2667 684 2704 tandem
710 2667 881 2718 extirpet.
938 2667 1070 2720 Nuper
1094 2669 1194 2706 enim
1215 2669 1353 2713 effecit,
1373 2674 1415 2706 ut
1432 2682 1498 2706 sex
1517 2674 1581 2706 aut
1599 2674 1741 2719 septem

163 2725 288 2762 missac
316 2727 509 2776 papisticae
535 2730 691 2779 singulis
714 2731 844 2768 diebus
869 2731 907 2768 in
935 2733 1019 2769 aula
1041 2746 1107 2770 sua
1135 2733 1282 2784 publice
1313 2733 1460 2778 fierent,
1480 2732 1655 2770 omnibus
1679 2733 1743 2783 qui

162 2789 336 2827 accedere
361 2791 489 2828 volunt
507 2793 694 2837 admissis;
725 2807 838 2845 quum
858 2800 969 2832 antea
987 2797 1110 2842 unica,
1138 2810 1256 2848 eaque
1274 2796 1449 2847 privatim
1474 2795 1614 2841 habita,
1639 2797 1744 2834 nullo

163 2852 278 2890 Scoto
297 2853 342 2890 ad
362 2866 443 2890 eam
462 2854 639 2900 admisso,
658 2864 758 2895 esset
775 2864 963 2896 contenta.
1013 2859 1217 2905 Praeterea,
1240 2873 1354 2911 quum
1377 2859 1540 2910 primum
1565 2859 1660 2896 inita
1684 2867 1742 2897 est

161 2915 387 2961 reformatio,
411 2923 558 2955 cautum
584 2919 665 2965 fuit,
695 2927 736 2958 ut
759 2935 806 2958 ex
828 2922 937 2959 bonis
962 2924 1286 2969 monasteriorum,
1306 2936 1392 2974 quae
1413 2923 1504 2960 fisco
1529 2922 1741 2973 adjudicata

160 2984 260 3025 sunt,
273 2979 458 3031 stipendia
473 2983 659 3032 evangelii
678 2985 860 3023 ministris
878 2986 1200 3036 persolverentur:
1220 2994 1259 3025 at
1277 2987 1358 3038 ipsa
1373 2987 1453 3038 jam
1470 2987 1619 3038 integro
1637 2987 1740 3026 bien-
