1845 3233
160 145 243 191 178
330 161 532 188 JOHANNES
566 160 851 187 PARKHURSTUS
885 159 938 185 AD
971 157 1181 184 HENRICUM
1215 153 1513 182 BULLINGERUM·
1572 137 1712 194 [EPIST-

156 277 309 323 miseris,
342 282 379 314 et
412 289 510 313 nunc
541 276 654 313 etiam
688 288 771 325 ago.
841 274 1015 311 Latinum
1047 271 1184 322 accepi,
1220 270 1482 309 Germanicum
1513 282 1561 307 ne
1596 267 1714 305 adhuc

157 341 303 391 quidem
328 341 415 378 vidi.
472 340 615 377 Literas
638 345 719 376 tuas
749 341 794 375 10
825 337 955 375 Martii
985 336 1089 373 datas
1119 338 1168 372 26
1198 335 1301 373 Junii
1329 335 1482 386 accepi3
1514 334 1553 371 in
1582 332 1716 383 quibus

156 405 293 450 scribis,
322 410 360 442 te
388 417 606 454 responsum
635 403 819 454 quoddam
848 402 894 439 ad
925 401 1149 438 Brentianos
1180 413 1279 437 nunc
1312 400 1360 437 ad
1394 413 1454 437 me
1486 398 1644 442 misisse,
1678 401 1716 432 et

155 474 335 519 praeterea
365 468 452 505 duas
483 467 654 505 homilias
681 467 721 504 in
751 466 933 517 psalmum
968 467 1040 502 130
1074 470 1112 502 et
1145 466 1243 501 133:
1281 470 1319 501 at
1351 477 1422 514 ego
1457 462 1550 500 nihil
1583 461 1714 499 horum

157 532 291 582 accepi.
347 531 449 569 Male
474 532 522 569 sit
545 531 629 576 illis,
654 544 719 581 per
743 544 836 581 quos
859 529 954 567 tanti
978 529 1141 566 thesauri
1164 527 1257 566 mihi
1283 527 1567 566 subtrahuntur!

236 596 361 634 Puella
391 596 562 646 quaedam
592 594 964 645 Belgio-Germanica
995 593 1247 643 septendecim
1277 593 1336 630 vel
1362 592 1569 631 octodecim
1599 603 1715 628 anno-

156 673 235 698 rum
253 665 333 697 toto
356 660 502 709 integro
526 672 625 697 anno
646 658 847 696 Nordovici
867 671 888 695 a
907 656 1070 695 Sathena
1093 656 1295 694 miserrime
1322 662 1378 694 est
1402 662 1545 701 vexata,
1573 660 1611 692 et
1632 654 1716 691 haec

156 724 254 761 illius
282 723 449 761 ecclesiae
482 722 735 760 concionatori
766 721 926 759 servivit.
982 721 1081 766 Quae
1111 721 1260 771 quidem
1290 720 1411 771 puella
1434 720 1602 758 omnibus
1634 724 1716 755 ten-

156 787 357 826 tationibus
389 793 426 825 et
459 786 778 824 dilacerationibus
813 786 852 823 in
888 785 959 823 fide
991 785 1095 823 firma
1123 785 1299 835 perstitit,
1328 791 1366 822 et
1397 783 1603 822 adversario
1635 783 1716 833 plus

158 865 267 903 quam
284 852 434 890 viriliter
450 851 598 889 restitit.
663 850 830 888 Tandem
854 850 925 887 Dei
944 849 1083 887 auxilio
1101 849 1220 886 victus
1246 849 1415 886 diabolus
1439 849 1539 885 illam
1557 846 1717 897 reliquit,

159 922 196 954 et
223 916 351 954 eodem
381 916 483 966 quasi
511 919 703 952 momento
728 914 843 952 filium
872 913 1062 964 cujusdam
1088 913 1267 950 senatoris
1292 912 1437 959 invasit,
1464 924 1574 963 quem
1604 911 1716 948 etiam

158 980 204 1017 ad
239 980 378 1030 aliquot
423 979 646 1030 septimanas
690 977 953 1015 incredibiliter
988 976 1144 1015 adflixit.
1213 976 1370 1014 Fiebant
1400 989 1461 1013 me
1491 976 1645 1026 jubente
1677 974 1717 1011 in

157 1044 304 1082 civitate
344 1044 502 1094 publicae
538 1055 677 1093 preces,
721 1042 864 1079 indicto
911 1041 1021 1079 etiam
1074 1041 1217 1092 jejunio
1262 1054 1376 1091 usque
1421 1041 1468 1079 ad
1513 1052 1714 1091 vesperam.

159 1108 343 1146 Dominus
376 1107 546 1144 misertus
582 1112 639 1144 est
676 1105 787 1143 etiam
822 1106 940 1156 pueri,
977 1111 1015 1143 et
1046 1104 1192 1142 hostem
1228 1104 1451 1156 profligavit.
1508 1104 1605 1141 Puer
1641 1108 1718 1140 erat

156 1172 330 1210 tredecim
365 1171 422 1209 vel
455 1171 501 1208 ad
532 1183 715 1208 summum
748 1169 1024 1220 quatuordecim
1057 1182 1251 1215 annorum,
1286 1169 1325 1207 in
1356 1168 1466 1207 sacris
1501 1168 1618 1206 literis
1650 1180 1718 1218 pro

156 1236 311 1287 pueritia
346 1235 543 1285 diligenter
578 1240 753 1279 versatus,
791 1247 881 1284 quas
917 1233 988 1270 fide
1024 1233 1200 1271 immotus
1233 1233 1378 1271 fortiter
1408 1238 1537 1270 contra
1571 1231 1717 1269 hostem

157 1306 214 1338 est
249 1299 460 1350 ejaculatus.
525 1298 627 1337 Vivit
663 1298 860 1344 Dominus,
899 1311 966 1348 per
998 1311 1107 1349 quem
1144 1297 1249 1348 pueri
1284 1302 1322 1334 et
1356 1298 1489 1348 puellae
1525 1296 1718 1334 imbecillis

157 1364 293 1415 alioqui
326 1369 469 1401 naturae
496 1369 641 1401 tantum
671 1367 708 1400 et
737 1368 813 1400 tam
848 1362 1050 1401 immanem
1085 1362 1335 1400 adversarium
1371 1362 1516 1400 vincere
1551 1366 1717 1412 possunt.

159 1429 241 1467 Deo
269 1428 317 1466 sit
342 1428 442 1465 laus!

236 1492 434 1531 Confessio
456 1492 521 1530 illa
548 1505 645 1531 verae
670 1492 870 1543 religionis,
893 1505 1003 1543 quam
1034 1494 1135 1530 1566
1157 1492 1335 1539 edidistis,
1360 1492 1522 1544 loquitur
1545 1491 1716 1542 Anglice,

157 1565 195 1596 et
228 1558 392 1596 omnium
427 1557 596 1595 manibus
633 1558 770 1595 teritur.
843 1556 974 1595 Adhuc
1012 1557 1117 1595 durat
1157 1558 1253 1609 apud
1287 1570 1355 1595 nos
1397 1557 1562 1594 omnium
1596 1569 1716 1594 rerum

158 1623 303 1661 caritas.
357 1622 564 1660 Revertitur
592 1622 639 1660 ad
666 1635 731 1659 vos
761 1621 976 1673 Rodolphus
1005 1623 1212 1668 Gualterus,
1249 1622 1366 1660 nostri
1407 1622 1571 1659 Gualteri
1608 1622 1717 1668 filius,

154 1687 300 1737 juvenis
323 1686 425 1724 valde
447 1686 620 1731 eruditus,
646 1685 799 1736 ingenio
823 1685 910 1730 acri,
928 1686 1089 1724 moribus
1112 1686 1194 1737 piis.
1251 1686 1361 1723 Pater
1383 1686 1437 1723 illi
1461 1692 1517 1723 est
1542 1686 1717 1732 offensus,

161 1751 258 1802 quod
283 1750 424 1801 parcius
455 1764 531 1788 non
562 1750 704 1788 vixerit.
778 1749 824 1787 In
856 1749 927 1787 hoc
960 1750 990 1787 si
1021 1751 1198 1801 peccavit,
1225 1750 1381 1801 juvenili
1412 1751 1515 1788 aetati
1548 1756 1604 1788 est
1634 1764 1718 1789 con-

160 1815 379 1853 donandum.
444 1814 503 1852 Tu
537 1814 634 1851 illius
669 1819 810 1864 patrem
846 1828 970 1860 exora,
1006 1821 1046 1852 ut
1080 1815 1195 1852 filium
1232 1828 1308 1852 non
1343 1815 1448 1853 aliter
1479 1816 1721 1867 amplectatur

159 1879 341 1924 reducem,
368 1891 479 1929 quam
505 1878 666 1928 optimus
693 1878 754 1915 ille
781 1884 898 1928 pater,
927 1878 1016 1916 Luc.
1048 1880 1108 1916 15.

239 1944 378 1990 Saluta,
401 1955 543 1993 quaeso,
568 1955 652 1979 meo
675 1942 826 1980 nomine
851 1956 980 1981 omnes
1002 1956 1105 1981 meos
1135 1943 1287 1990 amicos,
1310 1949 1397 1983 tuos
1426 1944 1520 1983 filios
1550 1950 1588 1984 et
1613 1944 1718 1991 filias,

159 2008 365 2061 praesertim
385 2007 627 2053 Dorotheam,
647 2020 758 2057 quam
776 2007 919 2045 utinam
939 2007 1046 2045 Deus
1063 2009 1151 2046 velit
1172 2015 1300 2047 nostro
1320 2010 1517 2061 Rodolpho
1536 2011 1575 2049 in
1594 2011 1719 2049 matri-

159 2074 286 2111 monio
317 2072 535 2122 adjungere!
592 2071 700 2108 Certe
732 2084 804 2121 ego
836 2072 873 2108 id
899 2072 993 2109 serio
1026 2078 1128 2123 opto.
1186 2073 1297 2119 Quod
1328 2075 1359 2112 si
1392 2076 1550 2113 evenerit
1582 2082 1646 2113 tuo

160 2138 277 2175 nostri
306 2136 470 2174 Gualteri
502 2148 697 2181 consensu,
720 2149 792 2186 ego
815 2136 950 2174 mirum
974 2137 1013 2173 in
1044 2137 1195 2174 modum
1221 2138 1401 2188 gaudebo,
1421 2146 1458 2177 et
1480 2154 1546 2178 vos
1575 2141 1718 2186 merito,

159 2202 214 2239 uti
245 2214 361 2251 spero,
394 2199 615 2250 gaudebitis,
645 2204 682 2235 et
710 2199 896 2237 Dominus
930 2200 1075 2237 illorum
1107 2201 1247 2251 nuptiis
1280 2203 1479 2242 benedicet.
1534 2204 1637 2250 Vale,
1668 2205 1720 2242 mi

161 2266 386 2316 Bullingere,
417 2270 454 2302 et
481 2277 554 2309 me,
583 2263 681 2314 quod
709 2263 810 2308 facis,
839 2277 932 2301 ama.
998 2265 1088 2302 Mea
1116 2278 1180 2303 vos
1206 2279 1345 2304 omnes.
1403 2268 1565 2319 Raptim.
1623 2269 1719 2307 Lud-

160 2329 309 2376 hamiae,
337 2328 540 2380 penultimo
566 2327 682 2372 Junii,
715 2328 826 2365 1574.

981 2392 1095 2439 Tuus,

805 2471 1092 2512 JOHANNES
1122 2474 1531 2524 PARKHURSTUS,
1565 2478 1612 2517 N.

384 2558 643 2586 INSCRIPTIO.

264 2614 413 2650 Eoeimio
441 2617 523 2651 viro
553 2616 601 2651 D.
633 2614 801 2651 Henrico

316 2675 545 2724 Bullingero.

587 2741 732 2789 Tiguri.
