1845 3233
240 147 259 184 1
270 148 285 184 l
298 147 324 185 4-
773 158 913 184 unmux
921 158 992 184 nus
1025 158 1271 183 GRINDALLUS
1665 146 1809 202 [Epis‘r.

738 303 1037 345 EPISTOLA
1080 303 1310 346 LXXIX.

323 475 591 506 EDMUNDUS
623 474 936 506 GRINDALLUS
965 474 1033 503 AD
1064 474 1325 506 HENRICUM
1358 475 1734 508 BULLINGERUM.

314 541 408 576 SAL.
443 539 479 576 in
518 538 685 583 Christo,
728 537 928 575 clarissime
966 537 1015 575 D.
1055 538 1287 588 Bullingere,
1330 552 1374 576 ac
1417 539 1529 576 frater
1566 540 1605 578 in
1643 540 1812 578 Domino

237 602 443 640 carissime!
503 602 591 652 Ago
624 601 693 638 tibi
726 601 864 650 gratias
897 613 941 638 ex
982 601 1121 646 animo,
1155 602 1253 651 quod
1286 602 1410 639 literas
1449 616 1552 640 meas
1585 609 1663 640 tam
1703 609 1812 653 grato

233 667 358 703 animo
386 667 582 716 accepisti,
622 665 792 703 similiter
819 665 932 701 etiam
951 678 1017 715 pro
1036 665 1199 703 homiliis
1219 666 1292 703 tuis
1317 667 1356 704 in
1376 667 1541 712 Esaiam,
1568 682 1659 718 quas
1686 668 1811 718 accepi

233 743 297 780 per
316 731 364 767 D.
385 729 596 767 Johannem
619 729 791 767 Abelum.
848 728 910 766 Ad
940 729 1065 766 literas
1092 735 1233 767 vestras
1258 743 1389 768 mense
1416 731 1623 781 Septembri
1642 746 1708 782 per
1725 732 1810 770 Wi-

232 796 388 832 burnum
413 794 558 839 missas,
587 794 652 831 scd
677 794 722 830 ab
749 793 823 830 alio
848 793 1015 837 traditas,
1043 793 1302 842 respondimus
1329 795 1377 831 D.
1397 794 1672 832 VVintoniensis
1698 802 1811 847 atque

233 872 306 906 ego
333 858 580 908 superioribus
608 857 782 894 nundinis
811 856 1132 903 Francfordianis3
1163 863 1202 895 et
1226 858 1308 895 illas
1335 858 1461 896 literas
1490 871 1598 909 spero
1624 872 1689 897 vos
1711 861 1811 910 jam-

233 922 368 959 dudum
397 921 595 972 accepisse.

312 985 424 1031 Quod
442 986 487 1022 ad
507 986 797 1035 publicationem
816 985 987 1036 epistolae
1008 985 1054 1022 dc
1071 998 1109 1022 re
1128 985 1299 1023 vestiaria
1316 986 1463 1031 attinet,
1478 987 1639 1025 sciebam
1660 989 1809 1039 quidem

229 1065 294 1088 ros
314 1063 395 1087 cam
414 1063 490 1087 non
518 1050 558 1086 in
582 1049 654 1087 hoc
674 1050 865 1100 scripsisse
883 1055 925 1087 ut
946 1050 1139 1093 ederetur;
1170 1050 1235 1087 sed
1253 1050 1339 1100 quia
1359 1064 1404 1088 ex
1431 1051 1682 1101 publicatione
1701 1066 1808 1103 mag-

228 1127 313 1152 nam
341 1114 578 1152 ecclesiarum
606 1119 814 1151 nostrarum
845 1113 1044 1151 utilitatem
1080 1120 1391 1164 consequuturam
1421 1121 1521 1152 certo
1553 1116 1807 1167 providebam,

228 1192 292 1215 vos
310 1178 381 1215 hoc
401 1191 511 1228 aequo
530 1178 656 1215 animo
674 1179 813 1215 laturos
833 1190 914 1215 esse
932 1177 1025 1214 mihi
1044 1178 1323 1228 persuadebam.

304 1242 380 1279 Res
409 1248 548 1279 nostrae
573 1242 707 1279 eodem
730 1242 806 1279 fere
831 1242 870 1278 in
892 1247 991 1278 statu
1015 1247 1115 1285 sunt,
1143 1254 1216 1292 quo
1236 1241 1415 1279 hactenus
1441 1242 1554 1280 fuere.
1611 1243 1808 1281 Habemus

221 1307 300 1355 jam
329 1306 427 1356 apud
453 1319 523 1343 nos
552 1306 729 1344 comitem
753 1320 775 1343 a
801 1305 985 1355 Stolberg,
1011 1305 1249 1349 Germanum,
1278 1305 1441 1356 legatum
1466 1320 1489 1343 a
1518 1306 1670 1344 Caesare
1696 1308 1807 1344 Max-

226 1371 403 1408 imiliano.
447 1370 546 1407 Petit
566 1369 626 1421 (ut
645 1368 776 1421 audio)
798 1383 962 1407 annuum
983 1369 1185 1407 subsidium
1205 1370 1443 1419 pecuniarum
1459 1371 1506 1407 ad
1527 1371 1662 1408 bellum
1681 1371 1808 1408 Turci·

227 1448 322 1473 cum.
377 1435 449 1472 Sed
486 1447 563 1471 non
594 1434 739 1471 videtur
774 1433 835 1471 hic
862 1434 1002 1484 aliquid
1034 1434 1312 1484 impetraturus,
1349 1434 1423 1471 nisi
1456 1440 1580 1472 cetera
1611 1448 1727 1486 regna
1762 1447 1805 1474 ac

225 1498 427 1549 provinciae
446 1498 485 1535 in
507 1510 704 1535 commune
723 1498 927 1535 conferant.
985 1498 1055 1535 Est
1074 1498 1188 1535 etiam
1209 1498 1345 1549 aliquis
1364 1512 1485 1536 sermo
1502 1500 1548 1536 de
1565 1499 1806 1537 matrimonio

223 1564 322 1600 inter
346 1562 532 1612 Reginam
558 1568 723 1599 nostram
744 1568 782 1599 et
807 1562 983 1606 Carolum
1002 1561 1260 1606 Austriacum;
1292 1562 1357 1599 sed
1385 1562 1423 1599 in
1451 1563 1554 1600 omni
1580 1563 1805 1601 tractatione

225 1640 368 1678 semper
382 1633 529 1664 cavetur
547 1627 592 1663 de
610 1626 804 1676 religione.
860 1626 992 1676 Itaque
1011 1626 1085 1663 nisi
1107 1626 1264 1663 Carolus
1280 1626 1452 1676 papismo
1471 1627 1680 1663 renuntiare
1700 1627 1804 1672 velit,

224 1690 427 1728 nonhabet
444 1690 516 1735 hic,
534 1691 635 1741 quod
655 1696 788 1741 speret.
836 1690 964 1728 Scotia
978 1691 1056 1740 jam
1075 1690 1113 1727 in
1130 1703 1250 1728 novos
1269 1695 1394 1727 motus
1412 1690 1554 1728 incidit.
1600 1691 1815 1737 Henricus,

225 1768 340 1805 nuper
374 1755 511 1792 Scotiae
540 1768 618 1799 rex,
654 1755 709 1791 uti
736 1761 775 1792 te
803 1754 985 1792 audivisse
1019 1754 1208 1799 existimo,
1237 1754 1382 1791 decimo
1407 1754 1595 1792 Februarii
1622 1755 1736 1805 elapsi
1763 1756 1803 1792 in

222 1819 332 1856 horto
350 1819 509 1868 quodam
528 1818 693 1869 hospitio
713 1831 793 1864 suo,
821 1819 921 1869 quod
941 1825 1045 1856 extra
1070 1819 1192 1856 aulam
1218 1818 1388 1864 habebat,
1417 1819 1612 1868 adjacente
1630 1819 1804 1856 inventus

224 1888 281 1919 est
294 1889 471 1921 mortuus.
517 1883 576 1920 De
597 1895 733 1932 genere
747 1883 877 1920 mortis
894 1883 1059 1920 nondum
1072 1882 1249 1920 convenit
1267 1882 1364 1933 apud
1379 1895 1523 1919 omnes.
1560 1882 1639 1919 Alii
1659 1882 1801 1927 dicunt,

223 1948 383 1984 incensis
401 1946 496 1983 vasis
515 1946 656 1996 aliquot
674 1946 833 1996 pulveris
851 1948 1096 1991 tormentarii,
1127 1960 1212 1997 quae
1242 1947 1309 1983 sub
1334 1946 1518 1991 eubiculo,
1545 1946 1584 1983 in
1614 1959 1688 1996 quo
1718 1947 1801 1984 dor-

222 2011 372 2056 miebat,
397 2025 443 2048 ex
470 2011 650 2048 industria
668 2011 832 2060 reposita
849 2011 1007 2056 fuerant,
1035 2011 1137 2048 aedes
1161 2023 1306 2048 eversas
1326 2017 1437 2061 atque
1455 2011 1577 2061 ipsum
1596 2011 1635 2047 in
1653 2009 1802 2048 hortum

221 2075 431 2125 proximum
443 2075 649 2125 projectum
666 2074 789 2113 fuisse.
822 2074 899 2112 Alii
913 2088 1013 2119 vero,
1029 2076 1252 2124 intempesta
1263 2080 1376 2111 nocte
1390 2075 1425 2111 vi
1441 2080 1647 2111 extractum
1663 2087 1683 2111 e
1699 2075 1801 2112 cubi-

221 2138 316 2183 culo,
337 2144 374 2175 et
390 2144 522 2188 postea
541 2138 826 2187 strangulatum,
847 2152 889 2175 ac
904 2144 983 2175 tum
999 2138 1147 2175 demum
1164 2137 1317 2175 incenso
1337 2137 1487 2188 pulvere
1508 2138 1609 2175 aedes
1628 2138 1814 2188 disjectas·

220 2202 344 2247 fuisse,
368 2201 562 2238 affirmant.
621 2201 748 2250 Hujus
771 2202 886 2239 caedis
915 2202 1013 2252 apud
1037 2214 1167 2238 omnes
1188 2205 1381 2251 suspectus
1405 2200 1475 2237 suit
1497 2213 1623 2238 comes
1648 2201 1798 2251 quidam

219 2266 370 2302 nomine
391 2265 644 2303 Bothwellius.
704 2265 805 2302 Huic
825 2265 967 2310 comiti,
987 2271 1184 2316 postquam
1203 2278 1356 2302 uxorem
1373 2265 1579 2314 legitimam
1598 2265 1799 2303 interveni-

218 2335 301 2366 ente
318 2329 536 2366 auetoritate
558 2328 826 2379 archiepiscopi
847 2328 884 2365 S.
901 2328 1064 2366 Andreae
1083 2328 1322 2379 repudiasset,
1341 2330 1388 2365 15
1406 2328 1501 2365 Maii
1519 2329 1644 2378 nupsit
1658 2329 1799 2367 Scotiae

220 2393 380 2442 Regina,
410 2398 521 2442 atque
549 2391 708 2429 eundem
733 2405 778 2428 ex
804 2392 940 2429 comite
968 2391 1182 2430 Orchadum
1203 2392 1334 2430 ducem
1361 2392 1511 2430 creavit.
1565 2392 1683 2429 Paulo
1711 2399 1800 2430 ante

220 2456 287 2493 hoc
321 2456 598 2493 matrimonium
632 2469 763 2493 omnes
805 2456 881 2493 fere
905 2457 1013 2506 regni
1048 2469 1231 2507 proceres,
1265 2469 1380 2507 quum
1408 2455 1547 2493 nullam
1578 2455 1618 2493 in
1652 2457 1796 2494 eaedem

217 2520 334 2569 Regis
351 2520 633 2570 inquisitionem
653 2520 797 2556 institui
812 2520 990 2565 viderent,
1007 2521 1254 2558 discesserunt
1274 2533 1320 2557 ex
1339 2520 1436 2565 aula,
1456 2525 1494 2557 et
1513 2533 1679 2558 seorsum
1699 2521 1796 2571 apud

217 2583 426 2632 Sterlynum
460 2584 638 2634 oppidum
675 2589 899 2622 conventum
926 2583 1147 2621 habuerunt.
1204 2584 1249 2621 In
1277 2582 1349 2621 hoc
1383 2590 1572 2621 conventu
1603 2584 1711 2622 certis
1739 2585 1797 2622 in-

218 2645 321 2681 diciis
344 2645 542 2683 nefandam
567 2646 664 2683 hane
689 2646 831 2683 caedem
857 2660 879 2683 a
904 2646 1130 2684 Bothwellio
1153 2653 1400 2698 perpetratam
1429 2647 1544 2685 fuisse
1563 2654 1795 2698 compertum

218 2714 285 2744 est.
333 2708 463 2758 Itaque
484 2710 639 2747 collecto
661 2710 825 2747 exercitu
844 2709 966 2759 ipsum
987 2710 1295 2760 comprehendere
1320 2716 1519 2760 satagunt:
1549 2710 1796 2749 Bothwellius

214 2783 302 2807 vcro
332 2771 396 2807 dat
420 2785 459 2808 se
486 2772 523 2808 in
547 2772 699 2822 fugam3
731 2772 796 2809 sed
816 2785 890 2822 quo
916 2773 1134 2823 profugerit,
1161 2773 1280 2811 adhuc
1298 2774 1473 2811 nescitur.
1529 2774 1716 2824 Reginam
1732 2774 1793 2810 alii

214 2833 320 2870 aiunt
345 2834 503 2871 obsideri
532 2835 570 2871 in
594 2848 677 2872 arce
703 2835 885 2885 quadam3
919 2836 984 2872 alii
1011 2849 1098 2873 vero
1125 2837 1164 2873 in
1190 2849 1276 2874 arce
1295 2837 1581 2886 Edinburgensi,
1602 2843 1792 2887 tamquam

212 2896 313 2933 necis
342 2897 465 2934 mariti
493 2897 693 2942 consciam,
723 2898 907 2948 captivam
933 2898 1092 2936 detineri
1118 2905 1300 2937 asserunt.
1357 2899 1709 2951 Quomodocunque
1728 2901 1792 2946 sit,

211 2960 370 2998 infames
394 2960 471 2999 illae
495 2960 641 3010 nuptiae
663 2973 738 2998 non
763 2966 922 3012 possunt
946 2974 1023 3000 non
1048 2961 1088 2999 in
1114 2962 1275 3013 aliquam
1300 2961 1417 3000 diram
1445 2963 1669 3013 tragoediam
1695 2964 1793 3003 desi·
