1845 3233
151 138 340 195 cxxxlv.]
432 153 616 181 enwmus
647 153 798 180 smnus
832 153 886 178 An
918 151 1156 179 nonorrnoM
1194 151 1448 178 coAL'rEnUM.
1625 136 1704 176 195

636 325 931 368 EPISTOLA
963 325 1229 368 CXXXIV.

327 468 551 500 EDWINUS
580 470 763 501 SANDUS
792 471 859 501 AD
891 469 1197 502 RODOLPHUM
1226 464 1538 498 GUALTERUM.

229 536 321 575 UNo
347 551 389 576 ac
416 539 544 576 eodem
570 538 644 577 scre
668 540 844 591 temporis
874 540 1025 578 articulo
1053 540 1143 577 duas
1167 551 1189 575 a
1213 543 1263 582 tc,
1295 535 1506 573 doctissime
1535 533 1589 571 vir
1611 531 1705 569 mul-

144 599 264 651 tisque
297 603 508 640 nominibus
537 602 764 648 honorande,
798 603 921 642 literas
955 603 1093 654 accepi,
1128 614 1262 651 easque
1294 599 1444 637 biennio
1478 611 1572 649 pene
1604 601 1706 646 post-

147 677 255 716 quam
290 666 534 712 mitterentur,
576 667 824 718 inscriptionis
854 667 965 706 credo
995 679 1126 705 errore.
1181 665 1278 703 Nam
1312 676 1394 701 cum
1432 662 1705 701 Londinensem

145 729 356 781 episcopum
395 731 458 768 illa
490 737 642 782 peteret,
679 737 753 768 tres
781 732 858 782 jam
891 732 977 769 anni
1012 737 1097 769 sunt
1130 729 1243 780 elapsi
1274 741 1295 765 a
1320 740 1404 764 mea
1437 728 1476 763 in
1509 723 1704 774 archiepis-

146 801 317 846 copatum
362 796 632 834 Eboracensem
677 797 1005 847 commigratione:
1053 799 1261 846 quaerentes
1301 805 1391 842 ergo
1434 803 1494 828 me
1534 789 1703 832 Londini,

146 860 259 897 serius
288 860 335 897 ad
366 861 469 911 regni
499 861 660 899 boreales
693 861 821 911 plagas
854 861 972 898 literae
1002 866 1079 897 tuae.
1112 862 1366 910 pervenerunt.
1435 855 1544 893 Nunc
1577 859 1701 890 autem

144 923 287 974 scriptis
317 937 398 962 cum
433 925 576 975 cupiam
605 924 824 975 respondere
856 924 940 969 tuis,
972 923 1056 961 haec
1089 928 1172 959 sunt
1204 920 1450 971 potissimum,
1484 930 1636 969 quorum
1665 922 1702 953 te

145 987 253 1024 velim
276 987 468 1025 certiorem
493 988 583 1033 fieri,
612 1001 670 1025 me
696 993 733 1025 et
760 1000 960 1025 memorem
981 1000 1060 1024 esse
1080 986 1132 1023 tui
1158 986 1196 1022 in
1225 998 1284 1022 me
1311 983 1457 1027 amoris,
1488 988 1525 1019 ct
1544 981 1701 1018 amicum

143 1051 210 1088 tibi
242 1051 462 1103 fratremque
490 1053 634 1090 fidelem
663 1057 877 1090 constanter
903 1064 1124 1102 permanere.

223 1115 310 1153 Non
342 1130 401 1153 me
434 1116 531 1167 fugit
562 1116 749 1154 devenisse
781 1129 848 1153 nos
883 1115 920 1152 in
959 1127 1038 1152 eam
1075 1121 1282 1164 temporum
1319 1111 1582 1156 conditionem,
1617 1121 1701 1160 quae

142 1192 201 1217 res
228 1192 342 1218 novas
369 1181 406 1217 in
435 1181 512 1218 dics
540 1180 736 1231 parturiat;
771 1192 922 1230 quarum
948 1178 1085 1229 aliquas
1109 1184 1172 1215 tua
1197 1176 1413 1227 cognitione
1439 1174 1570 1225 dignas
1599 1186 1702 1211 man-

143 1244 266 1282 darem
297 1245 425 1289 literis,
457 1244 528 1282 nisi
560 1244 665 1295 hujus
699 1243 819 1281 aetatis
848 1242 1048 1280 infortunio
1077 1241 1194 1279 multa
1221 1240 1381 1278 viderem
1411 1238 1545 1289 scripta
1568 1237 1700 1281 sobrie,

143 1308 307 1359 cogitata
338 1308 410 1359 pie,
446 1309 579 1360 partim
616 1308 763 1353 amissa,
798 1306 929 1357 partim
966 1307 1184 1356 intercepta,
1222 1303 1360 1355 grande
1393 1302 1594 1354 periculum
1627 1301 1701 1339 suis

143 1372 350 1410 auctoribus
385 1386 528 1410 creare:
578 1386 623 1410 ne
657 1378 779 1409 autem
818 1370 909 1409 nihil
945 1370 1110 1416 referam,
1148 1369 1231 1406 haec
1263 1367 1408 1405 habeas.
1478 1366 1700 1418 Nuptiarum

141 1438 275 1483 foedus,
305 1450 378 1487 quo
408 1437 582 1487 majestas
612 1437 716 1488 regia
744 1450 827 1474 cum
856 1436 965 1474 fratre
997 1435 1091 1472 Galli
1124 1433 1325 1485 copuletur,
1356 1431 1527 1482 agitatur.
1600 1430 1700 1475 Quid

139 1502 291 1539 tandem
324 1501 523 1551 aliquando
560 1501 636 1547 fiet,
670 1514 850 1552 quemque
887 1513 944 1537 res
980 1505 1120 1536 nostrae
1160 1497 1271 1534 finem
1306 1496 1514 1540 sortientur,
1546 1494 1608 1532 vix
1645 1499 1701 1531 est

141 1566 204 1617 qui
236 1565 430 1616 intelligat.
502 1566 622 1603 Deum
652 1566 832 1616 optimum
864 1564 1065 1601 maximum
1093 1574 1294 1614 precamur,
1327 1560 1433 1597 nobis
1470 1564 1510 1596 ut
1538 1564 1699 1609 perstare

140 1630 313 1680 dignetur
343 1630 536 1680 propitius.
594 1629 803 1680 Religionis
833 1628 1043 1666 christianae
1073 1626 1180 1664 floret
1211 1639 1254 1663 ac
1283 1625 1385 1674 viget
1412 1623 1509 1674 apud
1539 1635 1606 1660 nos
1635 1636 1700 1672 pu-

139 1694 239 1738 ritas,
261 1708 329 1732 ncc
352 1694 435 1732 ullis
461 1694 610 1732 Satanae
630 1693 812 1731 machinis
837 1693 892 1730 vel
919 1692 1033 1730 everti
1055 1691 1110 1728 vel
1140 1688 1380 1728 contaminari
1408 1692 1540 1739 potest.
1597 1687 1701 1725 Licet

140 1759 239 1795 enim
276 1772 405 1804 noVOS‚
450 1773 542 1810 quos
579 1759 816 1809 appellamus,
855 1758 1041 1809 puritanos
1077 1754 1332 1792 auctoritatem
1369 1765 1517 1790 omnem
1553 1750 1698 1788 concul-

140 1829 280 1868 cantes,
317 1829 513 1861 veteranos
550 1823 760 1874 pontificios
798 1822 1002 1860 clanculum
1040 1820 1077 1857 in
1114 1818 1258 1869 angulis
1294 1817 1367 1855 suis
1405 1816 1576 1867 mysteria
1603 1816 1698 1854 cele-

142 1888 298 1931 brantes,
331 1887 504 1938 profanos
534 1888 761 1938 diagonistas
791 1887 931 1924 cultum
961 1897 1087 1923 verum
1119 1883 1281 1921 divinum
1315 1881 1519 1926 irridentes,
1553 1880 1699 1931 penitus

139 1952 184 1988 ab
218 1951 373 1989 ecclesia
400 1965 474 1989 non
510 1953 670 1989 valemus
704 1951 895 2001 depellere,
929 1949 1124 2000 quominus
1157 1954 1194 1985 et
1225 1946 1404 1983 mentium
1437 1951 1475 1983 et
1506 1945 1697 1982 nominum

139 2014 298 2065 insignis
335 2023 511 2067 appareat
543 2017 722 2060 varietas;
761 2016 791 2053 is
823 2021 947 2052 tamen
983 2018 1039 2051 est
1072 2025 1157 2051 vere
1187 2011 1349 2048 fidelium
1384 2015 1422 2046 ct
1454 2022 1623 2046 numerus
1662 2015 1698 2045 et

138 2080 315 2131 dignitas,
354 2094 439 2131 quae
479 2087 516 2118 et
551 2080 784 2118 multitudine
821 2086 857 2117 et
896 2079 1088 2129 splendore
1123 2077 1234 2127 longe
1273 2074 1499 2124 multumque
1538 2073 1697 2123 reliquos

137 2158 267 2183 omnes
286 2145 502 2191 antecellat;
533 2158 691 2196 spesque
709 2159 777 2182 nos
797 2145 861 2182 alit
883 2143 1035 2195 optima,
1056 2154 1139 2179 eum
1166 2140 1227 2191 qui
1246 2139 1360 2189 coepit
1379 2138 1417 2175 in
1435 2136 1541 2174 nobis
1559 2137 1697 2174 bonum

137 2223 243 2261 opus,
278 2209 365 2247 illud
399 2209 517 2260 ipsum
556 2210 796 2260 perfecturum
830 2209 868 2246 in
901 2207 999 2245 diem
1034 2205 1185 2244 Domini
1218 2204 1318 2241 Jesu.
1387 2201 1696 2252 Archiepiscopus

138 2274 430 2319 Cantuariensis,
462 2273 678 2311 Edmundus
708 2273 929 2317 GrindalluS,
964 2271 1025 2322 qui
1049 2275 1085 2308 et
1116 2268 1393 2307 Londincnsem
1425 2271 1462 2302 ct
1490 2265 1696 2302 Eboracen-

137 2351 214 2376 sem
258 2344 342 2376 ante
385 2351 444 2375 me
480 2339 633 2388 regebat
668 2337 853 2381 ccclesias,
892 2336 1007 2386 regiae
1045 2332 1222 2372 voluntati
1257 2344 1332 2368 non
1368 2330 1412 2368 ab
1449 2329 1550 2366 omni
1592 2334 1695 2380 parte

137 2403 373 2454 respondens,
409 2402 546 2440 aedium
580 2407 724 2440 tantum
757 2413 915 2444 suarum,
944 2413 964 2437 e
992 2399 1124 2451 quibus
1152 2395 1278 2447 egredi
1309 2407 1385 2432 non
1419 2393 1539 2438 debet,
1567 2393 1697 2430 fruitur

136 2467 322 2510 libertate;
351 2479 431 2504 eam
457 2472 579 2504 autem
605 2466 705 2504 brevi
732 2466 838 2516 plene
863 2463 1072 2502 restitutum
1098 2461 1141 2499 iri
1167 2467 1204 2498 et
1230 2470 1415 2510 speramus
1442 2463 1479 2494 et
1502 2457 1694 2495 credimus.

137 2531 185 2569 D.
221 2531 342 2576 Horn,
373 2531 569 2582 episcopus
593 2529 878 2575 wintoniensis,
913 2529 1024 2565 vitam
1059 2539 1141 2564 cum
1174 2529 1291 2562 morte
1324 2521 1576 2567 commutavit,
1609 2534 1694 2559 nee-

134 2595 221 2632 dum
249 2601 305 2633 est
331 2595 424 2633 ullus
451 2595 547 2632 sedis
575 2594 670 2632 illius
699 2594 854 2631 antistes
880 2591 1128 2630 renunciatus

214 2659 394 2697 Hibernia
425 2659 610 2696 seditiosis
642 2658 833 2696 rebellium
862 2662 1015 2694 vexatur
1046 2653 1273 2692 tumultibus.
1340 2651 1462 2689 Duces
1495 2655 1616 2688 autem
1649 2649 1696 2687 ad

134 2737 198 2762 eos
228 2724 516 2774 compescendos
545 2729 582 2760 et
612 2722 795 2773 designati
823 2727 919 2767 sunt,
945 2727 982 2758 et
1009 2718 1207 2769 conscripti
1236 2715 1381 2753 milites,
1438 2715 1514 2752 Res
1535 2714 1628 2751 bene
1656 2725 1695 2749 se

133 2788 270 2826 habent
306 2787 588 2839 protestantium
617 2786 878 2830 Flandrorum;
918 2785 1122 2836 nuperrime
1157 2782 1255 2820 enim
1289 2781 1463 2817 damnum
1493 2777 1694 2816 maximum

133 2853 230 2903 passi
261 2859 346 2890 sunt
374 2853 466 2890 male
495 2852 663 2889 contenti
693 2851 865 2901 papistte,
891 2850 953 2900 qui
986 2849 1131 2886 illorum
1158 2853 1195 2884 et
1220 2845 1304 2882 vitis
1325 2851 1362 2880 et
1386 2842 1542 2880 fortunis
1571 2840 1696 2878 insidi—

131 2922 250 2961 antur,
278 2930 346 2954 nec
377 2916 502 2968 procul
532 2916 576 2952 ab
607 2922 773 2953 extrema
801 2926 920 2953 rerum
951 2925 1095 2952 suarum
1126 2911 1163 2949 in
1193 2909 1264 2947 illis
1293 2907 1504 2960 regionibus
1532 2905 1694 2944 omnium

129 2981 257 3019 abesse
286 2986 459 3032 putantur
487 2980 693 3019 amissione.
