1845 3233
146 134 198 174 16
729 138 920 165 armanus
950 136 1073 162 coxas
1562 115 1704 177 [EPIST.

142 263 366 299 ridebantur.
424 257 574 295 Interim
602 268 683 298 nos,
710 253 859 304 pusillus
893 264 996 301 grex,
1022 250 1083 300 qui
1111 249 1208 300 apud
1237 261 1302 286 vos
1336 248 1373 285 in
1404 246 1607 285 Germania
1633 246 1706 286 hoc

143 324 391 376 quinszennio
419 321 489 358 Dei
516 319 693 357 beneficio
719 317 902 359 latuimus,
922 315 960 351 in
989 313 1191 363 suggestiS,
1219 312 1383 349 maxime
1411 324 1537 349 coram
1558 311 1707 361 Regina

143 395 268 426 nostra
300 384 524 426 Elisabetha,
555 388 685 419 contra
716 381 943 422 intonamus,
977 377 1198 415 Pontificem
1237 377 1451 413 Romanum
1481 389 1566 413 vere
1595 375 1705 412 Anti-

142 452 329 495 christum,
363 455 399 485 et
426 447 642 485 traditiones
671 458 737 495 pro
770 444 933 480 maxima
965 442 1019 478 sui
1051 447 1154 491 parte
1182 453 1304 477 meras
1337 453 1417 477 esse
1449 439 1704 490 blasphemias.

142 515 304 553 Tandem
324 512 509 562 paullatim
535 510 745 559 resipiscere
763 512 954 557 coeperunt
975 519 1021 543 ex
1046 505 1231 542 nobilibus
1256 504 1376 549 multi,
1397 517 1444 541 ex
1463 504 1569 554 plebe
1595 505 1703 542 innu-

142 579 244 621 meri,
269 591 313 614 cx
340 577 436 613 clero
463 587 608 626 prorsus
636 573 740 609 nulli.
796 572 978 608 Immotus
1007 570 1105 606 enim
1129 574 1202 605 stat
1227 568 1344 606 clerus
1371 574 1486 612 totus,
1518 572 1705 617 tanquam

143 645 243 680 dura
260 644 360 683 siler,
381 644 448 676 aut
467 643 533 675 stet
551 637 756 685 Mmpeszssa
776 641 911 679 cautes,
932 642 972 670 ut
990 639 1103 684 poeta
1120 633 1232 669 canit.
1291 632 1462 682 Denique
1481 631 1553 669 huc
1570 645 1630 669 res
1650 638 1706 668 est

142 707 325 758 perducta,
359 711 398 740 ut
429 709 512 740 octo
545 716 590 738 ex
620 702 783 750 ipsorum
813 698 1079 748 antesignanis,
1109 710 1173 733 seu
1200 696 1379 747 episcopi,
1414 709 1478 733 seu
1508 710 1555 733 ex
1585 696 1704 733 doctis

143 768 383 811 selectissimi,
422 780 503 804 cum
540 772 626 802 octo
655 770 835 807 nostrum,
866 763 1093 811 abjectorum
1128 760 1268 798 scilieet
1302 766 1412 810 atque
1449 760 1702 810 profugorum,

143 836 186 872 de
214 832 427 883 quibusdam
455 829 646 878 religionis
674 827 854 877 capitibus
880 826 1112 863 dissererent.
1168 825 1218 862 Et
1241 830 1283 861 ut
1306 825 1484 862 vitaretur
1510 825 1704 862 verborum

141 911 277 948 pugna,
310 895 453 944 scriptis
480 894 543 943 agi
569 893 809 930 constitutum
837 896 902 927 est.
959 890 1105 926 Statuta
1128 895 1184 926 est
1209 889 1297 926 dies.
1354 889 1542 927 Adsumus
1561 902 1701 926 omnes.

141 962 286 999 Adsunt
314 959 472 1009 Reginae
498 957 708 994 consiliarii.
762 955 881 993 Adest
909 960 990 991 tota
1016 953 1091 990 fere
1115 953 1300 991 nobilitas.
1358 954 1556 991 Decretum
1584 959 1641 989 est
1663 959 1704 989 ut

141 1025 209 1075 ipsi
230 1024 384 1074 primum
401 1023 446 1059 de
465 1020 724 1059 controversiis
742 1019 960 1056 sententiam
982 1030 1085 1054 suam
1104 1023 1324 1067 proponant.
1379 1017 1487 1055 Unus
1507 1016 1702 1066 quispiam,

143 1089 284 1125 illorum
320 1087 482 1131 nomine,
520 1091 696 1134 tanquam
729 1082 879 1120 Goliath
915 1087 1047 1119 contra
1080 1081 1274 1127 Davidem,
1307 1095 1372 1119 sua
1402 1081 1582 1126 venditat,
1618 1093 1703 1130 pro-

143 1158 295 1203 pugnat,
334 1157 371 1187 et
400 1150 626 1200 argumentis
658 1147 965 1197 irrefragabilibus
1000 1145 1060 1194 (ut
1087 1144 1297 1197 videbatur)
1325 1146 1532 1189 confirmat,
1561 1144 1704 1194 sibique

142 1217 294 1266 plaudit,
327 1222 502 1264 tanquam
524 1214 601 1263 jam
628 1213 743 1249 victor
770 1211 941 1248 evadens.
998 1209 1207 1259 Respondit
1232 1216 1401 1247 nostrum
1432 1223 1526 1246 unus
1551 1208 1704 1245 veritate

140 1280 267 1325 fretus,
295 1293 368 1316 non
398 1278 566 1328 ampullis
591 1277 793 1320 verborum,
821 1275 859 1311 in
888 1275 1019 1311 timore
1050 1274 1216 1318 Domini,
1246 1288 1320 1312 non
1350 1274 1389 1311 in
1409 1273 1589 1311 doetrinae
1617 1286 1704 1309 ven-

143 1344 331 1380 ditatione.
389 1343 510 1380 Finita
536 1341 775 1391 responsione
804 1338 1026 1376 incredibilis
1054 1351 1140 1374 mox
1168 1339 1401 1375 audientium
1422 1338 1617 1388 applausus
1642 1350 1704 1373 ex-

143 1408 275 1445 citatus
295 1413 361 1452 est,
389 1420 464 1443 non
492 1406 569 1443 sine
588 1418 727 1455 magna
745 1403 1034 1441 adversariorum
1054 1403 1328 1452 perturbatione
1347 1408 1456 1452 atque
1476 1400 1702 1438 confusione.

143 1472 254 1508 Venit
273 1472 361 1508 alter
379 1471 456 1507 dies
482 1469 590 1506 simili
609 1468 819 1506 tractationi
839 1467 1055 1504 destinatus.
1113 1467 1308 1517 Rogantur
1326 1466 1522 1503 adversarii
1547 1464 1663 1502 nostri
1683 1478 1705 1500 a

145 1535 420 1572 consultationis
445 1534 614 1584 praeside,
642 1539 683 1569 ut
709 1546 753 1569 co
779 1532 907 1569 ordine
931 1531 1253 1581 progrederentur,
1284 1544 1356 1581 quo
1383 1531 1569 1567 decretum
1597 1535 1706 1566 antea

145 1600 280 1641 fuerat;
313 1598 483 1635 nimirum
512 1604 551 1634 ut
584 1598 651 1647 ipsi
683 1597 839 1647 primum
868 1596 1070 1646 inciperent
1101 1595 1140 1632 in
1173 1596 1288 1633 altera
1320 1594 1568 1632 controversia
1601 1606 1701 1630 suam

145 1663 364 1699 sententiam
385 1663 515 1705 dicere,
534 1674 673 1711 nosque
694 1673 937 1710 sequeremur.
979 1660 1038 1696 Illi
1057 1673 1142 1696 vero
1169 1665 1299 1697 contra
1324 1659 1569 1700 contendunt,
1588 1657 1705 1695 territi

146 1727 283 1763 seilicet
302 1727 406 1776 primi
429 1726 501 1762 diei
527 1738 695 1762 successu
721 1737 845 1774 parum
872 1737 1059 1774 prospero,
1081 1723 1344 1773 clamitantque
1368 1723 1535 1773 iniquum
1555 1735 1646 1766 esse,
1666 1727 1706 1757 ut

146 1790 214 1840 ipsi
234 1790 391 1840 primum
412 1790 532 1826 dicere
553 1789 740 1839 incipiant,
760 1802 841 1825 cum
861 1788 928 1838 ipsi
951 1788 1031 1838 jam
1050 1793 1108 1824 tot
1133 1788 1240 1824 annis
1259 1787 1486 1838 perstiterint
1504 1787 1543 1823 in
1562 1799 1706 1835 posses—

146 1855 248 1890 sione
266 1853 458 1890 catlioliczc
480 1854 668 1890 ecclesiam
695 1854 722 1890 si
745 1853 828 1902 quid
850 1852 1050 1889 habeamus
1074 1858 1200 1889 contra
1218 1851 1331 1902 ipsos,
1352 1850 1597 1902 proferamus¹
1624 1863 1705 1894 nos,

148 1925 187 1955 ut
206 1918 273 1967 ipsi
295 1931 358 1966 pro
386 1931 450 1954 sua
476 1918 693 1955 auctoritate
718 1930 786 1955 nos
811 1917 983 1960 refutent,
1012 1921 1124 1966 atque
1149 1920 1386 1966 compescant
1411 1920 1590 1964 tanquam
1610 1914 1706 1951 filios

147 1982 356 2029 degeneres,
405 1989 444 2018 ut
490 1983 552 2032 qui
593 1983 638 2018 ab
675 1981 843 2018 ecclcsiae
888 1981 1030 2018 unitate
1071 1980 1215 2030 jamdiu
1251 1979 1509 2016 exciderimus.
1579 1977 1707 2015 Gratia

149 2045 297 2082 Christo
319 2046 481 2083 Domino
502 2047 650 2083 nostro!
691 2046 787 2082 Dum
812 2045 864 2082 illi
891 2045 1069 2082 mandato
1096 2044 1292 2087 obsistunt,
1319 2043 1452 2080 merito
1476 2039 1704 2084 coercentur,

148 2116 185 2147 et
217 2124 282 2146 sua
309 2124 418 2147 causa
443 2110 590 2147 cadunt.
659 2110 787 2159 ltaque
815 2109 997 2147 stabilitur
1023 2109 1121 2159 apud
1150 2121 1220 2145 nos
1247 2121 1312 2158 per
1339 2107 1464 2144 omnia
1493 2107 1599 2156 regni
1625 2106 1708 2143 loca

145 2174 284 2210 sincera
316 2173 454 2210 Christi
489 2174 635 2223 religio,
668 2174 794 2210 eadem
831 2187 978 2223 prorsus
1014 2173 1174 2219 ratione,
1213 2186 1285 2223 qua
1317 2172 1383 2209 sub
1417 2170 1588 2208 Edvardo
1619 2170 1706 2221 olim

145 2244 272 2275 nostro
292 2238 511 2274 beatissimae
530 2239 720 2275 memorize
739 2239 970 2288 promulgata
987 2243 1074 2275 erat.

226 2301 321 2337 Ilaec
354 2315 480 2351 pauca,
510 2302 573 2338 scd
603 2308 714 2347 certa,
751 2303 867 2339 visum
903 2308 959 2339 est
985 2302 1030 2339 ad
1062 2308 1098 2339 te
1132 2302 1301 2345 scribere,
1333 2313 1443 2350 quem
1468 2299 1545 2337 scio
1580 2304 1707 2336 nostra.

148 2365 261 2401 solide
281 2366 437 2411 gaudere
463 2366 608 2414 gaudia,
635 2372 675 2402 ut
703 2366 891 2403 nobiseum
913 2367 1051 2417 gratias
1075 2366 1240 2403 Domino
1268 2365 1351 2402 Deo
1373 2369 1501 2400 nostro
1520 2376 1621 2413 agas,
1645 2363 1708 2413 qui

146 2441 212 2464 nos
233 2428 269 2464 in
289 2429 358 2465 ista
375 2428 625 2466 humiliatione
651 2436 687 2466 et
713 2443 816 2467 cruce
835 2444 917 2467 vere
942 2436 1097 2480 paterna
1117 2444 1181 2467 sua
1199 2428 1521 2466 commiseratione
1545 2427 1708 2477 respexit

148 2496 255 2540 atque
281 2494 486 2529 (onsolatus
516 2499 581 2529 est.
638 2494 712 2530 Det
737 2494 815 2544 ipse
844 2500 884 2530 ut
912 2500 1016 2531 tanta
1045 2500 1082 2530 et
1110 2493 1340 2531 incredibilia
1372 2493 1452 2541 ejus
1484 2490 1662 2529 beneficia
1686 2504 1706 2527 e

147 2554 330 2591 mentibus
348 2557 481 2592 nostris
500 2570 686 2606 imnquam
710 2557 923 2594 elabantur!
971 2559 1122 2595 Gratam
1146 2571 1223 2595 rem
1245 2556 1373 2594 fecerit
1397 2561 1461 2593 tua
1482 2555 1707 2596 humanitas,

147 2619 177 2654 si
204 2618 273 2654 ista
305 2618 349 2655 D.
379 2619 518 2656 jacobo
551 2620 724 2657 Cornicio
761 2622 902 2658 medico
940 2629 976 2658 et
1011 2622 1241 2673 Vespasiano
1279 2620 1426 2665 Fittich,
1452 2619 1581 2656 amicis
1615 2619 1708 2655 meis

148 2682 311 2726 summis,
348 2683 616 2720 communicare
652 2684 833 2733 dignetur.
897 2686 982 2722 ι111111
1006 2686 1084 2735 jam
1119 2685 1357 2735 aggredimur
1390 2691 1493 2734 septa
1527 2682 1708 2733 papistica

147 2745 368 2794 disrumpere
388 2751 495 2795 atque
515 2747 700 2796 dissipare,
720 2754 756 2785 et
774 2749 919 2785 vineam
941 2749 1093 2786 Domini
1112 2750 1281 2786 felicibus
1300 2748 1472 2799 auspiciis
1490 2754 1706 2785 restaurare.

147 2808 231 2843 ι111111
258 2821 381 2844 sumus
408 2809 444 2845 in
468 2823 587 2859 opere.
644 2810 694 2847 At
718 2813 846 2849 messis
865 2813 993 2856 multa,
1014 2814 1168 2863 operarii
1189 2813 1308 2863 pauci.
1357 2814 1550 2862 Rogemus
1575 2811 1708 2849 Domi-

149 2885 234 2908 num
258 2879 297 2908 ut
319 2873 442 2909 mittat
467 2874 650 2923 operarios
676 2875 713 2912 in
737 2889 904 2913 messem.
955 2877 1053 2914 Haec
1082 2877 1236 2927 paucula
1258 2877 1369 2915 habui
1397 2877 1463 2914 tibi
1491 2889 1558 2927 pro
1587 2875 1709 2913 officio

771 2954 777 2971 ¹
801 2955 861 2982 MS.
879 2956 1072 2989 perferamus.
