1845 3233
154 123 209 161 80
313 134 559 159 LAURENTIUS
595 131 835 158 HUMFREDUS
869 130 920 155 AD
953 128 1160 154 HENRICUM
1193 126 1491 152 RULLINGERUM.
1575 109 1716 166 [EPIST.

235 248 290 284 De
319 260 355 283 re
382 247 549 283 vestiaria
575 246 705 282 iterum
730 257 861 295 quaeso
890 244 936 280 ad
960 256 1019 279 me
1046 240 1247 292 perscribas
1276 238 1497 276 sententiam
1524 243 1640 284 tuam,
1659 241 1717 276 vel

157 312 316 361 pluribus
350 310 403 346 vel
434 310 575 359 paucis,
608 310 664 346 vel
699 321 773 345 uno
806 308 937 344 verbo:
976 306 1106 355 primo,
1142 304 1356 340 videaturne
1395 302 1463 339 tibi
1499 301 1717 354 ἀδιάφορον,

156 374 253 425 quod
285 380 358 410 tam
392 373 504 421 longo
533 378 697 422 tempore
727 371 942 408 inveteravit
969 375 1075 406 tanta
1111 381 1195 406 cum
1233 367 1508 416 superstitione,
1545 367 1717 417 quodque

156 440 298 475 animos
320 436 539 486 simplicium
563 436 704 472 tamdiu
729 435 920 486 splendore
940 447 1006 470 suo
1024 432 1233 477 fascinavit,
1255 438 1292 468 et
1308 431 1500 481 religionis
1520 444 1564 468 ac
1582 431 1717 468 sancti-

156 502 241 539 tatis
269 501 458 550 cujusdam
485 500 660 549 opinione
687 499 829 536 imbuit.
886 497 1070 541 Secundo,
1100 495 1162 533 An
1187 496 1365 532 mandatu
1392 495 1580 545 principis,
1608 494 1716 546 papa·

150 565 404 615 jurisdictione
442 563 651 613 profligata,
687 568 724 599 et
761 562 896 599 ordinis
937 574 1060 605 causa,
1096 573 1171 597 non
1211 560 1348 603 cultus,
1385 559 1565 608 ejusmodi
1598 565 1718 597 vestes

156 628 322 666 ecclesiae
352 642 372 664 a
402 627 471 677 piis
503 626 716 663 hominibus
741 626 840 662 licite
874 631 912 662 et
935 626 994 675 pie
1022 624 1121 661 salva
1146 622 1374 660 conscientia
1400 623 1536 671 gestari
1557 624 1715 673 possint.

156 693 303 742 Loquor
324 697 448 728 autem
470 691 514 727 de
534 691 630 740 pileo
650 690 712 727 illo
732 689 915 739 sphaerico
933 695 970 725 et
994 687 1252 738 superpellicio
1277 687 1473 738 papistico,
1501 700 1587 737 quae
1613 701 1714 725 nunc

158 769 230 792 non
264 768 370 806 papae
407 754 530 790 illis-,ita
568 753 771 803 tyrannide,
803 753 866 789 sed
902 753 1046 802 reginae
1080 752 1182 801 justa
1216 764 1259 787 ac
1291 750 1459 800 legitima
1493 752 1712 789 auctoritate

159 819 386 856 mandantur.
438 817 498 854 An
522 830 620 854 nunc
643 816 769 853 omnia.
790 816 873 853 haec
896 815 1041 852 mundis
1066 814 1278 851 hominibus
1303 814 1439 851 munda
1464 827 1546 851 esse
1568 816 1713 865 possint

155 890 191 921 et
223 883 367 920 libera?
422 882 532 931 Rogo
561 880 852 918 dominationem
884 885 987 916 tuam
1015 878 1185 922 strictim,
1221 890 1307 929 quae
1338 883 1405 915 tua
1434 891 1540 915 mens
1572 879 1633 924 sit,
1667 880 1712 915 ad

158 961 214 985 me
243 948 387 984 scribas.

234 1012 458 1060 Sampsonus
482 1022 567 1046 suas
597 1008 720 1045 literas
752 1007 823 1044 alio
852 1007 1021 1044 miserat:
1053 1007 1083 1043 is
1109 1012 1145 1043 te
1173 1019 1216 1043 ac.
1243 1006 1289 1043 D.
1311 1007 1526 1044 Gualterum
1553 1008 1714 1058 aliosque

157 1077 266 1113 etiam
304 1081 413 1124 atque
452 1073 563 1110 etiam
605 1073 750 1109 salutat.
820 1071 1005 1109 Dominus
1040 1077 1234 1108 conservet
1267 1070 1461 1108 ecclesiam
1489 1078 1644 1109 vestram
1672 1086 1714 1110 ac

154 1140 279 1177 suam!
337 1137 509 1182 Oxoniae,
541 1139 588 1173 16
617 1136 793 1186 Augusti,
826 1138 937 1172 1563.

1076 1199 1193 1244 Tuus,

462 1302 711 1328 mscmr'rio.
986 1290 1329 1329 LAURENTIUS
1361 1292 1713 1331 HUMFREDUS.

258 1359 407 1395 Eximio
436 1360 469 1393 et
498 1357 639 1392 doctiss.
669 1357 750 1391 viro
784 1355 826 1392 D.
858 1356 961 1391 Hen-

310 1424 389 1459 rz'co
406 1421 758 1468 Bullingero,patri
775 1418 957 1468 nefratri

311 1487 351 1522 in
381 1487 528 1522 Christo
555 1484 727 1520 dilectiss.

518 1549 660 1596 Tiguri.

701 1776 997 1817 EPISTOLA
1045 1776 1169 1817 LXI.

314 1941 560 1972 ROBERTUS
591 1941 783 1973 HORNUS
812 1944 878 1973 AD
908 1943 1165 1974 HENRICUM
1195 1943 1557 1975 BULLINGERUM.

239 2027 394 2064 Accnm
422 2034 504 2065 tuas
535 2034 606 2066 tres
637 2029 716 2078 jam
748 2030 936 2079 epistolas,
971 2030 1160 2067 carissime
1190 2030 1420 2079 Bullingere,
1450 2043 1561 2067 unam
1590 2031 1636 2067 ad
1670 2033 1713 2066 10

161 2091 345 2135 Octobris,
374 2092 523 2128 alteram
554 2093 595 2128 ad
632 2095 677 2128 10
702 2093 842 2136 Martii,
874 2096 986 2138 1563,
1015 2094 1133 2138 datas,
1160 2093 1248 2130 mihi
1277 2093 1426 2143 quidem
1454 2094 1569 2131 serius
1596 2094 1712 2145 pridie

161 2156 331 2193 calendas
364 2155 467 2192 Junii
506 2157 626 2193 ultimi
660 2157 843 2202 redditas3
891 2158 1038 2195 tertiam
1072 2157 1238 2207 Augusti
1278 2160 1325 2194 29
1367 2158 1554 2209 scriptam,
1588 2171 1712 2196 mense

159 2219 312 2256 Octobri
346 2219 432 2256 satis
469 2220 506 2256 in
537 2226 700 2270 tempore
732 2221 820 2258 mihi
857 2222 1042 2259 traditam.
1100 2222 1157 2259 Ex
1190 2222 1324 2272 quibus
1360 2222 1604 2259 animadverti
1638 2223 1712 2259 vim

159 2283 292 2320 amoris
319 2283 373 2319 tui
399 2284 546 2320 uberem
569 2290 605 2321 et
626 2284 893 2330 vehementem,
917 2286 978 2336 qui
1000 2286 1230 2323 suavissimis
1255 2299 1294 2323 se
1316 2286 1435 2323 verbis
1461 2287 1651 2336 expressit,
1678 2293 1715 2323 et

156 2347 270 2383 literis
297 2348 551 2384 tantummodo
579 2348 669 2384 meis
697 2349 770 2385 sive
798 2350 1026 2386 munusculis
1054 2355 1251 2387 contentus
1278 2363 1359 2387 esse
1386 2355 1541 2400 poterat.
1583 2349 1632 2387 Ἀ
1653 2363 1712 2386 1116

158 2416 279 2446 autem
312 2411 394 2448 ideo
429 2412 540 2449 missa
574 2418 672 2455 sunt,
705 2418 745 2448 ut
778 2413 1033 2462 intelligeretis
1063 2426 1139 2450 non
1172 2413 1283 2450 modo
1321 2414 1442 2464 ipsum
1478 2427 1539 2450 me
1574 2414 1639 2451 sed
1676 2421 1713 2451 et

158 2486 213 2510 res
241 2487 340 2510 meas
367 2488 410 2512 ac
435 2474 599 2512 fortunas
623 2475 669 2511 ad
695 2481 855 2513 vestrum
884 2472 1120 2514 commodum
1145 2491 1225 2515 esse
1255 2484 1412 2527 paratas.
1469 2478 1518 2515 Et
1545 2478 1641 2528 quod
1669 2478 1712 2514 (16

161 2549 282 2585 panno
302 2538 437 2585 gratias
456 2538 549 2588 agiS‚
568 2544 605 2575 et
623 2552 861 2588 repensurum
880 2545 915 2575 te
936 2540 1003 2584 ais,
1023 2553 1188 2589 agnosco
1209 2541 1430 2591 singularem
1448 2540 1711 2578 humanitatem

160 2604 272 2643 tuam,
301 2600 360 2649 qui
379 2601 479 2646 mihi,
508 2615 591 2639 611111
610 2602 686 2652 ipse
706 2603 861 2639 multum
879 2603 946 2639 tibi
965 2603 1128 2649 debeam,
1146 2605 1277 2642 debere
1296 2610 1333 2642 te
1351 2611 1389 2642 et
1406 2605 1613 2655 obligatum
1631 2618 1712 2642 esse

162 2662 296 2699 fateris.
352 2664 462 2708 Quod
478 2667 616 2703 veroin
642 2672 815 2715 argenteo
834 2667 968 2716 poculo
988 2668 1173 2705 assiduam
1198 2668 1269 2705 mei
1294 2668 1456 2706 recolitis
1483 2670 1712 2714 memoriam,

165 2726 200 2761 id
232 2726 280 2762 ita
313 2727 462 2777 accipio,
492 2735 531 2765 ut
561 2744 643 2767 cum
672 2731 925 2767 benevolentia
955 2737 992 2768 et
1023 2731 1252 2769 humanitate
1280 2738 1401 2770 vestra
1426 2732 1517 2770 nihil
1547 2731 1635 2770 mihi
1666 2733 1712 2769 sit

164 2789 314 2837 gratius,
333 2796 409 2826 tum
436 2791 473 2827 in
497 2792 674 2842 frequenti
697 2807 775 2830 esse
798 2794 985 2839 memoria,
1009 2801 1046 2831 et
1072 2795 1177 2845 quasi
1202 2795 1240 2832 in
1265 2796 1382 2833 oculis
1407 2796 1538 2834 vestris
1562 2809 1604 2833 ac
1626 2809 1711 2834 con-

164 2859 292 2901 spectu
311 2855 456 2899 versari,
486 2855 532 2892 sit
559 2856 648 2894 mihi
673 2858 784 2907 longe
809 2857 1070 2907 gratissimum.
1127 2859 1176 2896 Et
1194 2859 1280 2910 quia
1298 2860 1539 2910 perexiguum
1558 2865 1614 2896 est
1633 2866 1708 2897 tam

164 2915 298 2952 modici
325 2918 408 2954 aeris
432 2919 614 2968 poculum,
635 2920 718 2957 misi
735 2920 840 2958 vobis
865 2919 954 2957 alios
980 2922 1254 2971 quatuordecim
1276 2928 1472 2960 coronatos
1491 2928 1527 2961 et
1552 2922 1712 2973 insignia
