1845 3233
124 143 133 177 1
149 141 202 179 ‘224
714 146 829 172 111οΑ11
836 145 906 172 nos
942 145 1078 171 11111113
1541 134 1682 190 [1111131.

600 276 897 319 EPISTOLA
940 276 1212 320 LXXXVI.

289 442 530 475 RICARDUS
559 443 732 473 HILLES
762 443 831 473 AD
860 442 1120 474 HENRICUM
1149 441 1517 474 BULLINGERUM.

198 521 300 558 Haeo
339 533 421 557 mea
457 525 552 564 suut,
595 519 649 555 vir
683 518 942 564 eruditissime,
983 518 1115 569 quibus
1156 524 1302 557 mortuo
1343 525 1471 556 nostro
1510 518 1682 556 Johanne

119 586 235 623 Abelo
259 590 339 621 tuas
370 584 416 621 ad
438 596 497 621 me
527 586 569 619 14
603 582 731 620 Martii
755 582 916 633 proximi
939 582 1119 632 praeteriti
1144 582 1267 619 literas
1293 583 1515 633 pervenisse,
1539 593 1683 634 unaque

119 663 199 687 cum
230 648 302 685 illis
331 647 526 698 epistolam
554 660 576 683 a
603 647 651 684 D.
683 646 779 684 Rod.
809 646 979 684 Waltero
1013 648 1057 683 17
1091 646 1253 696 ejusdem
1283 647 1420 684 mensis
1452 659 1576 692 unam,
1606 659 1684 683 am-

119 715 231 751 babus
257 712 303 749 ad
336 725 395 748 me
427 712 465 748 in
497 710 663 748 absentia
693 709 877 748 Johannis
908 709 1018 748 Abeli
1050 710 1220 760 praedicti
1248 711 1478 761 conscriptis,
1508 711 1554 748 ad
1582 724 1683 748 meas

118 790 246 815 »nanus
278 775 407 812 allatas
438 775 636 825 intelligas.
694 775 818 819 Quam
851 787 923 824 ego
954 775 1002 812 ob
1031 787 1177 812 causam
1209 774 1290 811 illas
1320 780 1357 811 et
1385 775 1509 825 aperui
1537 780 1574 812 et
1602 787 1682 826 per—

118 842 190 892 legi
215 841 351 884 literas,
375 839 570 889 literasque
592 851 678 875 eum
705 838 820 885 libris,
847 839 892 876 de
917 839 1048 889 quibus
1068 839 1105 875 111
1128 839 1268 876 eisdem
1292 839 1523 876 mentionem
1542 839 1684 885 feceris,

118 906 164 943 ad
199 917 291 955 quos
327 903 503 941 direxeris
532 903 627 940 dedi.
691 902 784 940 Julii
819 908 999 953 praeterea
1031 903 1156 940 literas
1192 905 1239 939 16
1271 902 1400 940 Martii
1431 915 1530 940 anno
1569 905 1684 947 1569,

119 970 364 1020 quaedamque
391 981 505 1018 opera
532 967 730 1017 separatim
764 967 932 1017 obligata
966 968 1011 1005 ad
1045 968 1093 1005 D.
1120 967 1333 1018 episcopum
1365 966 1683 1011 sarisberiensem,-

117 1033 330 1084 cpiseopum
358 1031 558 1077 Ehensem,
587 1032 876 1082 episcopumque
906 1031 1224 1082 lVigorniensem,
1247 1039 1285 1067 et
1312 1031 1359 1068 ad
1388 1031 1577 1068 dominum
1604 1031 1684 1069 An-

118 1098 261 1136 tonium
292 1096 439 1134 Cokum
474 1096 708 1146 consignata,
745 1109 814 1133 nec
843 1097 1044 1134 nonnullos
1071 1097 1118 1133 ad
1144 1109 1270 1133 eorum
1310 1108 1491 1145 quemque
1526 1096 1683 1140 libellos,

120 1164 229 1214 (quos
252 1174 336 1198 cum
357 1160 545 1198 codicibus
570 1160 665 1197 tradi
684 1160 806 1198 curavi
826 1160 991 1210 praefatis
1010 1160 1254 1209 hominibus)
1277 1159 1415 1210 accepi.
1472 1159 1530 1196 De
1556 1159 1688 1210 quibus

120 1227 289 1265 omnibus
314 1231 350 1262 te
369 1224 478 1274 cupio
499 1225 694 1262 certiorem
716 1224 848 1262 facere.
899 1225 982 1263 Tua
1007 1225 1120 1261 etiam
1145 1224 1313 1275 epistola,
1334 1226 1383 1260 24
1404 1223 1567 1274 Augusti
1587 1223 1684 1269 data,

121 1298 177 1329 est
203 1289 292 1327 mihi
316 1289 482 1326 reddita:
515 1302 672 1339 cumque
700 1288 790 1326 mihi
818 1289 856 1326 in
884 1289 1013 1327 eadem
1037 1294 1077 1326 et
1102 1289 1148 1326 de
1172 1287 1288 1325 literis
1315 1301 1338 1325 a
1366 1295 1402 1325 te
1426 1288 1473 1325 ad
1497 1287 1589 1324 alios
1611 1293 1685 1324 tra-

120 1355 259 1400 dendis,
287 1354 332 1391 ab
351 1353 470 1404 iisque
489 1354 535 1390 ad
560 1359 597 1390 te
623 1353 714 1390 alias
734 1353 1044 1398 transmittendis,
1070 1352 1204 1390 videris
1229 1365 1350 1402 agere,
1374 1358 1416 1389 ut
1442 1351 1551 1389 Abeli
1578 1351 1686 1389 amici

119 1419 248 1464 nostri,
279 1418 341 1469 qui
368 1419 407 1455 in
436 1418 602 1455 Domino
629 1423 797 1455 mortuus
826 1418 886 1463 sit,
916 1418 1074 1468 ideoque
1098 1417 1178 1467 jam
1205 1417 1335 1453 beatus
1361 1416 1618 1467 laboribusque
1644 1415 1688 1452 li-

122 1486 279 1528 beratus,
306 1496 398 1533 quos
426 1483 464 1519 in
494 1481 564 1519 hoe
593 1482 718 1519 seculo
745 1482 873 1520 vivens
900 1494 1030 1532 passus
1059 1481 1119 1526 sit,
1150 1480 1266 1530 (haud
1289 1480 1452 1531 dubito,)
1478 1480 1559 1518 vice
1581 1485 1685 1523 utar3

119 1561 193 1598 ego
216 1548 343 1585 cadem
369 1559 481 1597 quam
505 1553 636 1596 potero
660 1546 800 1597 optime
826 1546 967 1584 lubenti
991 1546 1116 1583 animo
1145 1545 1290 1582 faciam.
1346 1545 1458 1590 Quod
1483 1545 1530 1581 ad
1552 1544 1688 1594 scripta

119 1612 195 1657 illa,
225 1624 309 1662 quae
342 1611 434 1648 meis
463 1610 656 1661 praedictis
689 1611 843 1661 alligata
872 1610 1074 1660 significas,
1108 1610 1187 1660 ipsa
1213 1622 1287 1659 ego
1316 1622 1426 1659 quam
1455 1608 1613 1659 primum
1638 1607 1687 1647 aad

122 1689 250 1714 manus
278 1689 380 1713 meas
402 1675 514 1713 allata
537 1681 642 1713 erant
664 1675 712 1712 311
733 1675 952 1713 reverendos
977 1674 1172 1725 episcopos
1196 1673 1363 1723 aliosque
1391 1672 1488 1709 viros
1512 1672 1688 1717 eruditos,

122 1742 167 1777 ad
195 1753 288 1792 quos
317 1741 615 1790 eonsignaveras,
646 1739 771 1776 detuli.
833 1739 994 1776 Dolebat
1024 1743 1147 1775 autem
1179 1743 1291 1781 certo,
1322 1749 1407 1774 eum
1432 1750 1479 1774 ex
1503 1736 1577 1774 tuis
1607 1745 1687 1787 per*

119 1804 333 1855 spexissem,
371 1818 454 1855 quae
489 1805 536 1841 ad
561 1803 774 1842 Johannem
801 1803 961 1840 Abelum
997 1802 1163 1847 miseras,
1199 1807 1251 1845 te,
1288 1801 1457 1851 quamvis
1493 1801 1532 1838 in
1569 1801 1689 1838 vesica

121 1868 229 1906 nullis
255 1869 474 1906 cruciabaris
503 1868 651 1906 calculis
684 1865 809 1918 (sicuti
841 1866 931 1916 ille),
962 1866 1216 1917 perturbatum
1241 1872 1367 1902 tamen
1395 1865 1527 1902 eodem
1557 1865 1687 1902 morbo

124 1933 158 1969 in
190 1933 349 1978 renibus,
380 1933 433 1970 ita
464 1938 505 1970 ut
535 1946 557 1969 a
589 1932 648 1968 die
685 1932 742 1969 Sti
775 1931 931 1969 Martini
963 1931 1010 1968 ad
1047 1932 1091 1967 14
1127 1929 1256 1967 Martii
1289 1932 1353 1974 60,
1386 1942 1541 1980 quorum
1574 1929 1685 1980 aliqui

122 1997 316 2046 majusculi
351 1997 499 2042 fuerint,
533 1996 694 2034 calculos
725 1995 970 2033 evacuaveris.
1044 1994 1200 2032 Gaudeo
1238 2000 1365 2030 tamen
1399 1993 1483 2038 tibi,
1520 1993 1688 2044 quamvis

124 2060 315 2110 wgerrime
345 2061 409 2097 illo
429 2060 660 2110 aegritudinis
688 2072 825 2110 genere
850 2058 1082 2103 laboraveris,
1105 2064 1249 2095 tantam
1275 2057 1492 2108 patientiam
1517 2070 1541 2094 a
1565 2057 1689 2094 divina

123 2124 352 2173 providentia
372 2125 451 2162 fore
471 2124 708 2174 impertitam,
735 2136 845 2174 quam
865 2125 903 2160 111
923 2123 1034 2160 finem
1053 2134 1304 2160 remansuram
1322 2135 1344 2159 a
1365 2122 1448 2159 Deo
1466 2121 1660 2172 imprecor.

202 2189 307 2226 Duos
335 2194 422 2225 31118
451 2201 569 2225 annos
595 2188 721 2225 literas
745 2201 837 2226 unas
863 2188 909 2225 ad
933 2192 969 2224 te
992 2186 1090 2231 misi,
1110 2199 1278 2236 ,quarum
1304 2185 1496 2223 materiam
1522 2198 1569 2222 ex
1592 2185 1689 2236 epis-

125 2252 200 2289 1013
227 2265 291 2303 per
313 2252 497 2302 quendam
524 2252 572 2288 ad
594 2252 641 2289 D.
663 2251 934 2290 Christoferum
961 2251 1150 2289 Montium
1174 2250 1492 2300 Argentinensem
1512 2249 1687 2300 scriptam

124 2317 299 2353 verbatim
329 2316 563 2360 extmxerim,
591 2330 663 2366 qua
688 2317 823 2354 certior
843 2316 954 2353 fiebat
971 2316 1017 2353 dc
1036 2314 1219 2352 inferioris
1239 2314 1464 2360 Germaniae,
1483 2314 1687 2363 praecipue-

127 2393 196 2429 que
225 2380 269 2417 de
289 2380 518 2430 Antverpiae,
547 2387 645 2418 statu
670 2393 799 2431 parum
824 2386 911 2418 ante
937 2380 1041 2419 ducis
1067 2379 1112 2419 de
1140 2378 1237 2416 Alva
1260 2377 1472 2416 adventum.
1520 2377 1687 2423 Quarum

125 2444 307 2481 literarum
333 2445 511 2482 secundas
538 2445 585 2482 ad
613 2445 798 2483 nundinas
824 2444 1149 2496 quadrigesimales
1174 2443 1212 2480 in
1237 2455 1337 2480 anno
1368 2445 1481 2488 1568,
1507 2442 1546 2480 in
1573 2442 1689 2480 literis

126 2507 217 2544 meis
235 2508 281 2544 ad
302 2514 340 2544 18
366 2508 537 2553 inclusas,
560 2508 620 2556 (ut
641 2522 686 2546 ea
711 2509 820 2547 alicui
847 2509 1059 2560 bibliopolae
1085 2507 1268 2558 Tigurino
1291 2506 1522 2544 traderentur
1545 2519 1618 2557 quo
1640 2497 1686 2544 ad

127 2577 162 2605 te
182 2570 490 2622 transferrentur‚)
505 2572 601 2610 misi.
646 2573 749 2618 Quas
763 2573 911 2624 quidem
930 2573 1053 2610 literas
1073 2572 1118 2610 ad
1138 2572 1185 2609 D.
1201 2571 1470 2608 Christoferum
1487 2571 1688 2616 Montium,

128 2633 213 2682 quia
239 2633 278 2670 in
303 2635 378 2672 tuis
405 2637 453 2671 24
481 2634 657 2685 Augusti,
686 2650 784 2674 anno
812 2639 925 2683 1569,
954 2650 1000 2674 ne
1028 2636 1176 2674 verbum
1206 2636 1352 2686 quidem
1382 2635 1426 2673 de
1451 2634 1522 2672 illis
1547 2635 1691 2678 feceris,

129 2696 281 2733 amissas
310 2698 432 2747 potius
461 2712 569 2749 quam
596 2700 642 2737 ad
669 2706 706 2737 te
736 2707 947 2752 apportatas
973 2702 1151 2752 suspicor,
1178 2700 1337 2751 ideoque
1363 2712 1488 2737 earum
1512 2699 1691 2736 secundas

131 2761 166 2796 in
195 2760 267 2796 ista
294 2773 376 2797 mea
404 2761 550 2798 includo
579 2763 747 2812 epistola.
815 2765 909 2802 Cum
940 2778 1026 2802 vero
1053 2765 1182 2802 scribis
1211 2765 1334 2802 literas
1365 2764 1475 2801 istinc
1508 2763 1553 2800 ad
1581 2768 1631 2808 te,
1661 2763 1691 2800 si

130 2836 212 2859 mea
236 2836 348 2872 opera
372 2824 417 2860 ad
443 2824 490 2861 D.
519 2824 786 2863 Christoferum
813 2828 1002 2865 Montium
1027 2828 1265 2874 adducentur,
1290 2828 1337 2864 ad
1360 2833 1397 2864 te
1415 2827 1555 2877 absque
1579 2825 1692 2863 dubio

129 2887 357 2931 adventuras,
389 2889 623 2926 reverendum
652 2890 754 2927 illum
785 2891 1062 2929 Londinensem
1085 2892 1298 2942 episcopum
1326 2891 1563 2928 Edmundum
1591 2891 1636 2928 G.
1663 2891 1692 2927 si

130 2952 207 2999 ejus
239 2956 321 2988 utar
349 2951 499 2997 auxilio,
530 2954 688 2992 multum
716 2954 754 2992 in
776 2955 848 2992 illis
881 2956 926 2993 ad
956 2956 1172 3007 praedictum
1203 2955 1394 2993 dominum
1420 2953 1689 2993 Christoferum
