1845 3233
94 145 177 186 126
351 157 544 184 RicARDUS
579 156 718 182 HILLES
750 157 803 181 AD
834 156 1046 181 flmmeum
1078 154 1379 181 BULLINGERUM.
1515 138 1658 194 [Ems'r.

89 272 328 308 Germanicas
347 270 544 313 contineat,
565 269 647 306 istis
664 268 758 305 meis
778 280 842 305 oro
860 267 1060 317 intelligas,
1081 267 1240 305 cariseos
1261 272 1412 304 nostros
1435 266 1660 303 diversorum

88 337 290 387 pretiorum
306 335 533 384 diversaeque
553 333 801 383 longitudinis
818 332 977 369 existere
992 345 1000 376 3
1025 344 1241 369 communes
1265 337 1391 370 autem
1409 337 1448 369 et
1463 332 1661 368 crassiores

91 404 141 438 28
169 401 227 438 vel
256 402 304 435 30
337 400 503 436 ulnarum
530 397 888 435 Francfordiensium
917 397 973 434 vel
1002 396 1337 446 Argentinensium
1363 402 1462 442 sunt,
1490 397 1661 447 valetque

89 478 214 502 corum
261 464 417 513 quisque
456 462 554 499 circa
592 465 614 497 S
651 462 711 498 vel
748 463 795 497 10
829 466 1027 498 coronatos
1065 461 1248 498 Gallicos:
1299 466 1337 497 et
1371 460 1660 511 uniuscujusque

92 528 178 566 dicti
213 527 328 577 panni
355 526 485 564 carisei
514 525 719 575 nuncupati
749 524 901 562 infectio
935 524 1011 561 sive
1042 525 1176 563 tinctio
1208 526 1246 563 in
1279 525 1399 576 glasto
1430 525 1520 562 duos
1556 537 1660 562 coro-

86 598 193 630 natos
223 590 385 627 Gallicos
413 603 496 627 cum
527 589 681 627 dimidio
708 588 784 625 sive
813 591 836 624 3
864 589 1099 626 constabunt.

172 655 390 704 Priusquam
419 653 486 690 has
515 653 640 689 literas
672 652 906 702 sigillassem‚
939 652 1050 689 allata
1078 657 1163 689 sunt
1193 653 1301 691 nobis
1328 668 1396 705 pro
1425 662 1527 694 certo
1551 670 1660 703 nova,

92 719 318 770 praedictum
338 717 528 754 dominum
547 716 743 760 Jacobum,
770 715 909 752 Scotiae
933 715 1229 765 gubernatorem,
1250 730 1272 754 a
1288 718 1405 755 nobili
1429 721 1590 770 quodam
1616 721 1661 758 de

91 783 230 820 familia
265 781 572 819 Hamiltonorum
601 785 789 817 tormento
821 779 983 830 quodam
1011 778 1253 830 (Germanice
1282 782 1373 830 byoee
1395 782 1547 835 vocato)
1580 798 1662 835 per-

90 860 237 884 cussum
270 852 308 883 et
336 845 514 883 occisum.

168 910 262 948 Vale
283 910 321 947 in
349 909 500 947 Christo
520 908 624 952 Jesn,
646 907 698 944 mi
723 907 872 945 domine
897 907 1173 952 colendissime,
1200 909 1262 959 qui
1287 923 1434 961 semper
1455 917 1493 948 te
1518 912 1663 949 servet!

93 976 226 1012 Amen.
256 973 430 1018 Londini,
450 978 557 1009 sexto
576 972 635 1008 die
652 972 856 1017 Februarii,
877 985 976 1010 anno
997 975 1110 1019 1569,
1131 974 1332 1011 secundum
1349 976 1665 1026 computationem

91 1039 260 1077 ccclesiae
281 1036 519 1087 Anglicanae.
551 1037 703 1085 (1570.)
1141 1091 1173 1129 Τ

1175 1104 1255 1137 uus,

1191 1162 1236 1198 R.
1269 1162 1306 1199 H
1314 1160 1453 1214 [illes]

404 1225 663 1251 INSCRIPTIO.

194 1281 422 1318 Doctissimo
458 1279 552 1322 viro,
582 1278 736 1314 domino
768 1278 936 1314 Henrico

246 1344 483 1391 Bullingero,
525 1344 650 1379 amico
692 1342 789 1379 mihi
831 1344 945 1378 caris-

249 1411 359 1453 simo,
391 1409 530 1444 dentur
557 1407 686 1443 literae.
745 1407 900 1454 Tiguri.

563 1615 861 1658 EPISTOLA
895 1615 1193 1658 LXXXVII.

172 1774 446 1805 EDMUNDUS
478 1775 790 1806 GRINDALLUS
819 1777 887 1806 AD
920 1776 1180 1807 HENRICUM
1211 1776 1582 1807 BULLINGERUM.

173 1854 404 1892 CARISSIME
439 1855 591 1893 domine
621 1857 852 1907 Bullingerc,
886 1858 997 1895 frater
1019 1857 1246 1903 honorande,
1279 1858 1405 1907 accepi
1436 1858 1559 1895 literas
1586 1863 1670 1896 tuas

93 1920 143 1954 24
169 1918 334 1968 Augusti
364 1919 532 1970 scriptas.
586 1918 819 1970 Acceperam
847 1921 960 1958 etiam
994 1922 1172 1971 superiori
1200 1934 1299 1959 anno
1331 1922 1462 1959 librum
1488 1928 1590 1958 tuum
1623 1923 1671 1960 de

96 1982 252 2031 Origine
268 1982 401 2019 erroris
421 1988 459 2019 ct
478 1983 524 2019 de
545 1982 739 2028 Conciliis,
759 1985 1073 2034 quemadmodum
1089 1985 1127 2022 in
1145 1985 1262 2022 literis
1280 1985 1372 2022 meis
1390 1986 1437 2022 ad
1453 1985 1671 2024 Francofur-

93 2052 220 2082 tenses
238 2045 424 2083 nundinas
445 2047 676 2083 autumnales
694 2047 818 2084 missis
836 2047 952 2085 fusius
971 2048 1114 2098 scripsi,
1132 2062 1223 2098 quas
1238 2062 1347 2098 spero
1363 2054 1403 2086 te
1423 2055 1509 2086 ante
1527 2050 1672 2100 aliquot

93 2122 243 2146 menses
259 2110 458 2160 accepisse.
515 2110 602 2147 ι111111
621 2123 697 2147 11011
714 2123 912 2161 possumus
927 2112 1053 2150 literas
1071 2118 1217 2150 nostras
1233 2112 1306 2150 nisi
1323 2112 1362 2149 in
1380 2113 1546 2163 utrisque
1574 2127 1670 2151 nun-

95 2174 190 2211 «linis
209 2174 239 2211 F
240 2174 578 2212 rancofiirtensibus
593 2188 660 2225 per
679 2175 941 2225 Hamburgum
967 2176 1233 2222 transmittere,
1259 2182 1410 2227 propter
1431 2178 1580 2215 occlusa
1604 2191 1671 2228 per

93 2238 283 2275 Albanum
302 2238 445 2276 itinera.
491 2239 644 2289 Alioqui
663 2238 757 2276 nihil
775 2239 867 2277 mihi
887 2240 1028 2278 dulcius
1047 2247 1158 2286 esset,
1178 2253 1289 2292 quam
1308 2247 1431 2279 tecum
1450 2241 1587 2292 saepius
1605 2254 1672 2293 per

92 2302 214 2339 literas
234 2303 408 2353 colloqui.

173 2367 347 2404 Gratulor
370 2368 437 2405 tibi
464 2382 510 2405 ex
535 2368 661 2406 animo
679 2368 1012 2405 convalescentiam
1033 2369 1078 2405 ab
1102 2369 1318 2406 infirmitate
1344 2370 1487 2414 aestiva,
1517 2376 1554 2407 et
1577 2371 1674 2407 mul—

96 2436 174 2467 tum
201 2431 310 2481 cupio
340 2432 468 2469 audire
493 2433 539 2469 de
558 2432 772 2470 valetudine
799 2439 863 2470 tua
878 2433 974 2469 bene
1003 2433 1230 2471 confirmata.
1288 2433 1328 2471 Si
1346 2434 1419 2471 ista
1437 2440 1568 2472 aestate
1585 2441 1674 2485 post

95 2494 265 2532 morbum
299 2495 395 2533 vires
423 2496 633 2534 tolerabiles
661 2509 875 2547 recuperare
906 2497 1059 2546 poteriS,
1088 2497 1231 2535 videtur
1258 2498 1367 2535 nobis
1399 2511 1503 2549 spem
1538 2498 1672 2545 facere,

98 2558 196 2606 quod
229 2563 268 2595 te
303 2558 423 2596 adhuc
451 2560 590 2597 diutius
622 2560 695 2597 frui
728 2559 944 2610 poterimus.
1017 2560 1175 2598 Morbus
1202 2561 1302 2598 enim
1331 2574 1591 2612 saepenumero
1618 2569 1676 2600 est

96 2620 213 2657 instar
240 2620 443 2670 pharmaci,
473 2637 538 2661 seu
563 2624 689 2674 potius
715 2624 881 2661 remedii.

177 2684 254 2721 Res
281 2691 424 2723 nostrae
446 2687 526 2736 jam
551 2701 619 2737 per
637 2687 712 2725 Dei
735 2688 894 2738 gratiam
923 2694 1010 2726 sunt
1038 2689 1127 2726 satis
1158 2695 1319 2740 pacatae,
1347 2689 1412 2726 sed
1445 2702 1562 2739 nuper
1596 2689 1676 2727 fue-

98 2753 183 2784 runt
200 2748 480 2787 turbatissimae.
534 2750 730 2801 Superiore
755 2757 887 2789 aestate
905 2757 1091 2790 tentatum
1111 2753 1192 2797 fuit,
1208 2760 1249 2790 ut
1273 2752 1439 2791 Thomas
1459 2753 1675 2799 Houardus,

98 2811 304 2849 Norfolciae
322 2813 408 2859 (lux,
423 2814 585 2864 Reginae
600 2815 739 2853 Scotiae
757 2815 999 2855 matrimonio
1012 2817 1232 2867 jungeretur
1247 2831 1256 2863 ;
1285 2818 1350 2855 sed
1368 2817 1517 2868 Regina
1532 2823 1674 2862 nostra,

96 2874 168 2912 hoc
193 2882 329 2913 conatu
358 2877 525 2923 offensas
551 2879 692 2917 dictum
721 2880 852 2917 ducem
883 2882 928 2917 11
950 2880 1177 2931 Septembris
1195 2881 1235 2918 in
1253 2894 1375 2919 arcem
1395 2881 1673 2919 Londinensem

98 2938 274 2988 conjecit,
309 2941 373 2978 ubi
407 2940 527 2979 adhuc
563 2943 730 2994 captivus
758 2944 955 2983 detinetur.
1011 2944 1127 2983 Initio
1155 2945 1378 2984 Novembris
1404 2945 1478 2984 duo
1505 2946 1678 2993 comites,
