1845 3233
157 165 213 204 88
758 175 965 203 JOHANNES
995 174 1169 201 sumnus
1591 157 1732 214 [musra

157 309 216 335 mc
235 291 393 334 nossetis
422 299 459 332 et
478 306 582 332 curas
601 306 714 338 meas,
743 292 831 329 nihil
853 291 1093 328 excusatione
1111 291 1183 327 alia
1202 303 1294 341 opus
1314 296 1425 329 esset.
1482 290 1581 328 Nam
1600 298 1740 341 praeter

157 362 246 399 alias
276 361 450 404 assiduas,
484 371 597 403 meas,
626 358 776 402 alienas,
806 356 1041 399 domesticas,
1076 355 1255 405 publicas,
1291 354 1430 401 civiles,
1467 356 1737 394 ecclesiasticas

158 425 359 469 molestias,
390 423 489 475 (sine
519 423 650 473 quibus
684 422 721 458 in
745 421 817 458 hoc
842 432 995 457 munere
1020 419 1079 456 his
1107 419 1336 469 temporibus
1364 419 1437 456 vivi
1466 432 1542 457 non
1572 418 1733 471 potest,)

158 502 275 538 cogor
301 501 395 538 pene
422 487 522 524 solus
549 499 632 523 cum
660 485 828 523 hostibus
850 483 1077 536 (externisne
1103 483 1237 527 dicam,
1268 496 1316 520 an
1345 483 1562 521 domesticis
1577 482 1612 535 2)
1641 497 1734 522 con·
1770 529 1775 534 .

158 552 300 590 flictari.
355 551 485 589 Nostri
502 550 652 600 quidem
673 555 767 594 sunt,
789 549 854 586 sed
873 548 1000 585 hostili
1017 547 1154 592 animo,
1174 547 1299 584 hostili
1319 548 1431 585 etiam
1449 548 1488 585 in
1508 548 1601 586 solo.
1646 548 1737 586 Pro-

156 617 233 667 fugi
253 616 351 653 enim
370 615 486 652 nostri
507 614 758 652 Lovanienses
777 618 969 662 coeperunt
987 625 1066 649 sese
1085 624 1225 662 magno
1242 624 1408 656 nurnero,
1429 625 1526 650 anno
1542 612 1737 663 superiori,

158 680 402 725 commoveri;
433 679 524 716 etin
542 691 610 715 nos
628 690 757 715 omnes
776 676 1011 714 acerbissime
1037 676 1207 721 scribere,
1233 682 1271 713 et
1294 688 1355 713 me
1380 689 1493 713 unum
1512 677 1737 714 nominatim·

156 751 292 795 petere.
351 744 428 781 Cur
455 743 537 780 ita?
564 742 720 792 inquies.
776 740 928 785 Nescio,
954 739 1027 777 nisi
1052 753 1113 777 me
1137 753 1251 777 unum
1275 740 1443 778 omnium
1469 739 1738 793 ἀμαχώτατον

157 814 194 846 et
210 809 257 846 ad
274 807 520 845 resistendum
538 805 831 843 infirmissimum
853 818 932 842 esse
951 804 1099 842 scirent.
1154 805 1298 842 Tamen
1319 811 1403 842 ante
1422 818 1486 842 sex
1503 819 1623 843 annos
1650 818 1733 843 cum

156 874 195 910 in
214 873 296 909 aula
313 885 435 910 coram
452 871 557 921 regia
574 871 767 922 majestate
786 869 961 906 haberem
987 869 1221 913 concionem,
1249 874 1286 906 et
1311 869 1356 906 de
1375 875 1517 907 nostrae
1536 870 1733 920 papisticae

155 937 345 987 religionis
364 935 583 986 antiquitate
604 935 774 979 dicerem,
792 933 864 971 hoc
882 933 1036 971 memini
1057 934 1194 971 dixisse
1213 947 1273 971 me
1291 934 1388 971 inter
1404 934 1488 980 alia,
1508 934 1735 972 adversarios

157 1007 316 1046 nostros,
336 1013 421 1038 cum
439 1006 604 1037 nostram
624 1013 775 1037 causam
797 1004 956 1049 arguant
973 998 1161 1043 novitatis,
1177 1003 1215 1035 et
1228 999 1335 1036 nobis
1354 999 1526 1049 injuriam
1543 1005 1581 1036 et
1598 999 1735 1049 populo

157 1065 320 1103 fraudem
349 1065 489 1104 facere:
524 1064 608 1101 illos
629 1064 729 1101 enim
753 1070 790 1101 et
814 1077 879 1115 pro
897 1064 1081 1101 veteribus
1105 1063 1259 1114 probare
1287 1077 1395 1109 nova,
1429 1069 1466 1101 et
1490 1077 1535 1100 ea
1559 1063 1734 1101 damnare

156 1143 222 1180 pro
257 1129 377 1174 novis,
405 1141 489 1180 quae
522 1134 608 1166 sunt
638 1128 897 1166 vetustissima.
954 1130 1096 1166 Missas
1128 1128 1227 1165 enim
1256 1130 1440 1177 privatas
1468 1134 1505 1165 et
1538 1132 1738 1165 truncatas

157 1196 451 1239 communiones,
478 1199 516 1231 et
539 1195 737 1231 naturales
762 1199 800 1230 et
825 1194 940 1230 reales
966 1195 1199 1242 praesentias,
1229 1199 1265 1230 et
1292 1194 1733 1238 trcmsubstantiationes,

157 1260 221 1295 &c
252 1258 402 1310 (quibus
421 1259 527 1296 rebus
547 1258 671 1296 omnis
696 1258 853 1295 istorum
878 1257 1010 1307 religio
1028 1256 1255 1308 continetur)
1276 1257 1414 1295 nullam
1438 1256 1574 1294 habere
1594 1262 1734 1293 certum

155 1328 193 1360 et
210 1336 421 1373 expressum
441 1323 695 1360 testimonium
716 1328 779 1359 aut
799 1335 983 1360 sacrarum
1003 1322 1275 1372 scripturarum,
1292 1328 1356 1359 aut
1373 1327 1540 1359 veterum
1561 1320 1736 1359 concilio-

154 1400 246 1432 rum,
264 1393 327 1425 aut
344 1388 546 1438 priscorum
565 1393 724 1438 patrum,
745 1393 808 1424 aut
823 1387 929 1425 ullius
948 1387 1101 1425 omnino
1121 1386 1363 1437 antiquitatis.

236 1452 280 1489 Id
309 1452 362 1489 illi
392 1451 546 1502 indigne
574 1451 690 1489 ferre:
720 1452 853 1489 latrare
883 1452 922 1489 in
947 1451 1105 1502 angulis,
1136 1451 1326 1488 hominem
1352 1451 1621 1502 impudentem,
1646 1464 1735 1489 con—

156 1516 346 1562 fidentem,
382 1516 617 1562 insolentem,
655 1517 826 1554 insanum
865 1516 998 1554 dicere.
1061 1516 1205 1561 Quarto
1241 1522 1430 1566 postremo
1466 1529 1564 1553 anno
1600 1516 1738 1566 prodiit

156 1594 203 1617 cx
221 1580 408 1632 insperato
429 1580 646 1630 Hardingus
662 1580 825 1631 quidam,
845 1594 921 1618 non
940 1581 992 1618 ita
1009 1580 1151 1631 pridem
1171 1580 1315 1617 auditor
1333 1586 1445 1631 atque
1470 1586 1669 1617 assectator
1684 1580 1731 1617 D.

159 1644 259 1682 Petri
279 1645 467 1695 Martyris,
497 1651 534 1682 et
553 1645 752 1683 acerrimus
769 1645 953 1696 evangelii
970 1658 1111 1696 praeco,
1139 1658 1237 1682 nunc
1256 1644 1340 1682 vilis
1360 1650 1531 1695 apostata
1551 1650 1589 1681 et
1607 1650 1735 1682 nostro

157 1709 258 1747 Julio
276 1710 387 1759 probe
406 1716 515 1747 notus
532 1724 540 1754 3
572 1710 634 1761 qui
650 1723 710 1747 me
728 1723 774 1747 ex
794 1709 1078 1761 Amphilochiis‚
1098 1708 1241 1753 Abdiis,
1269 1709 1501 1759 Hippolyfis,
1530 1708 1736 1746 Clementi-

156 1774 237 1818 bus,
256 1774 478 1819 Victoribus,
498 1774 717 1812 Athanasiis
736 1775 996 1825 supposititiis,
1018 1773 1199 1818 Lemnis,
1218 1772 1348 1818 CletiS,
1369 1771 1576 1819 Anacletis,
1596 1773 1735 1823 episto-

156 1838 202 1875 lis
232 1839 486 1884 decretalibus,
515 1839 683 1884 somniis,
717 1839 863 1884 fabulis,
896 1839 1084 1876 refutaret.
1142 1838 1202 1876 Illi
1235 1850 1308 1888 ego
1340 1850 1407 1888 pro
1437 1851 1523 1875 mea
1554 1838 1735 1875 tenuitate

155 1902 325 1953 respondi
344 1916 441 1940 anno
464 1903 655 1953 superiori,
685 1909 726 1941 ut
747 1903 866 1954 potui.
923 1903 996 1941 Sed
1017 1903 1050 1940 O
1082 1902 1205 1940 Deum
1224 1902 1471 1939 immortalem
1491 1903 1500 1939 ¹.
1531 1902 1631 1947 Quae
1650 1901 1735 1940 haec

157 1966 235 2004 vita
259 1968 337 2005 est!
392 1966 452 2004 Ὡς
480 1966 549 2020 ἔρις
575 1966 612 2006 ἔκ
633 1984 677 2005 τε
703 1968 792 2005 θεῶν
818 1966 856 2005 ἔκ
887 1966 921 2004 τ’
946 1966 1144 2019 ἀνθρώπων
1170 1965 1373 2003 ἀπόλοιτο.
1428 1967 1592 2004 Vixdum
1617 1965 1739 2003 absol-

158 2044 294 2077 veram,
314 2032 436 2069 evolat
455 2033 642 2083 extemplo
661 2031 868 2082 Apologiae
887 2037 1030 2069 nostrae
1052 2030 1273 2068 Confutatio
1291 2044 1299 2074 ;
1330 2044 1423 2081 opus
1444 2031 1591 2081 ingens,
1612 2030 1735 2067 elabo—

157 2101 288 2142 ratum,
326 2102 364 2133 et
391 2097 575 2142 convitiis,
615 2096 863 2141 contumeliis,
895 2095 1112 2142 mendaciis,
1149 2094 1406 2145 sycophantiis
1441 2095 1733 2132 refertissimum.

160 2159 235 2196 Hic
251 2173 324 2210 ego
342 2173 482 2198 rursum
502 2166 618 2211 petor.
677 2161 778 2205 Quid
796 2161 932 2211 quaeris
947 2160 963 2198 ’ἶ
1020 2160 1335 2210 Respondendum
1353 2165 1419 2197 est.
1471 2159 1599 2204 Vides,
1618 2171 1737 2196 rever-

159 2224 255 2261 ende
274 2230 391 2276 pater,
419 2239 528 2276 quam
554 2239 628 2263 non
654 2225 767 2262 simus
791 2225 925 2269 otiosi3
957 2238 1030 2274 ego
1055 2224 1275 2274 praesertim,
1306 2223 1364 2261 cui
1390 2222 1537 2275 (nescio
1557 2236 1629 2273 quo
1647 2236 1734 2260 meo

159 2287 253 2337 fato)
282 2302 426 2339 semper
454 2302 537 2326 cum
567 2289 648 2326 istis
676 2289 850 2327 monstris
880 2289 1129 2326 dimicandum
1159 2294 1227 2326 est.
1285 2288 1471 2325 Dominus
1497 2288 1608 2325 addat
1639 2288 1735 2325 vires

161 2358 270 2403 atque
298 2353 474 2398 animum,
503 2359 541 2390 et
568 2360 732 2404 proterat
760 2354 934 2391 Satanam
966 2354 1032 2391 sub
1060 2353 1215 2404 pedibus
1244 2353 1404 2390 nostris!
1464 2353 1564 2390 Haec
1598 2352 1735 2390 idcirco

160 2416 277 2453 visum
298 2423 354 2454 est
373 2417 528 2455 scribere
553 2418 743 2467 prolixius,
769 2424 810 2455 ut
836 2418 864 2455 si
883 2418 1037 2469 posthac
1061 2418 1181 2454 literae
1204 2417 1325 2454 isthuc
1342 2431 1364 2454 a
1382 2431 1443 2455 me
1469 2417 1735 2467 infrequentius

161 2481 338 2525 venerint,
358 2494 467 2531 quam
487 2488 549 2518 aut
567 2495 629 2519 vos
648 2483 875 2533 exspectatis
894 2490 958 2520 aut
973 2496 1046 2532 ego
1062 2482 1187 2527 velim,
1209 2481 1246 2519 id
1266 2482 1379 2519 cuivis
1397 2482 1520 2532 potius
1539 2482 1605 2528 rei,
1623 2494 1731 2532 quam

163 2549 223 2579 aut
243 2544 419 2582 oblivioni
437 2546 547 2582 vestri
567 2552 630 2583 aut
649 2546 918 2596 ingratitudini,
939 2547 1119 2584 tribuatis.

243 2607 464 2657 Respublica
482 2615 608 2646 nostra
632 2616 669 2646 et
693 2611 738 2647 ab
754 2610 865 2647 armis
892 2617 929 2648 et
948 2612 992 2648 de
1011 2611 1193 2661 religione
1212 2616 1343 2662 pacata
1362 2616 1427 2648 est.
1483 2610 1734 2648 Lovanienses

164 2671 311 2721 quidem
330 2672 391 2709 isti
410 2673 526 2710 nostri
544 2675 703 2717 turbant,
724 2681 902 2724 quantum
922 2681 1098 2725 possunt;
1129 2688 1253 2712 verum
1275 2675 1432 2726 populus
1459 2681 1516 2712 est
1539 2675 1577 2712 in
1597 2675 1733 2720 officio,

164 2741 201 2771 ct
218 2735 378 2772 futurum
396 2749 514 2786 spero.
546 2738 708 2774 Domina
724 2738 855 2788 regina
873 2744 972 2776 recte
991 2740 1100 2784 valet,
1122 2745 1160 2776 et
1179 2739 1351 2776 abhorret
1370 2753 1391 2775 a
1408 2739 1558 2790 nuptiis.
1590 2739 1736 2789 Hyems

163 2799 329 2849 superior
345 2800 397 2836 ita
415 2800 545 2837 misere
564 2801 694 2838 afflixit
711 2808 926 2839 nascentem
944 2809 1123 2853 segetem,
1150 2809 1191 2839 ut
1208 2817 1306 2840 nunc
1325 2804 1459 2854 ubique
1478 2817 1542 2854 per
1556 2803 1736 2854 Angliam

164 2877 300 2913 magna
328 2863 504 2901 frumenti
535 2864 749 2902 difficultate
775 2865 969 2904 laboretur.
1025 2867 1111 2904 Hoc
1142 2880 1252 2912 anno,
1283 2868 1354 2905 Dei
1385 2868 1580 2913 beneficio,
1611 2867 1737 2904 omnia

163 2928 357 2965 laetissime
392 2935 647 2977 provenerunt.
703 2929 789 2979 Ego
818 2930 864 2967 D.
894 2930 1173 2976 Parkhurstum,
1206 2932 1421 2982 episcopum
1451 2932 1733 2976 Norvicensem,

166 2993 213 3031 D.
252 2992 424 3038 Sandum,
475 2991 687 3042 episcopum
731 2994 1031 3044 Vigorniensem‚
1092 2996 1137 3033 D.
1176 2996 1473 3046 Pilkingtonum,
1517 2996 1732 3047 episcopum
