1845 3233
134 145 268 202 LXVI]
414 161 602 187 EDWINL‘S
636 160 789 187 SANDUS
827 160 881 185 AD
913 158 1128 184 IIENRICUM
1164 157 1468 184 BL'LLINGERL‘M.
1670 140 1726 186 87

130 277 264 315 onibus
292 277 475 328 insignire
505 290 710 327 ornateque
744 274 955 313 contendis.
1011 273 1086 310 Pro
1111 286 1185 324 qua
1214 274 1364 324 quidem
1391 286 1538 311 summa
1568 273 1725 309 benevo-

129 342 245 379 lentia
262 347 328 379 tua
347 354 459 392 quam
479 341 640 392 gTatiam
655 339 827 384 referam,
849 338 938 375 dum
958 350 1109 375 mecum
1128 337 1330 388 diligenter
1357 337 1499 388 cogito,
1527 336 1586 374 his
1611 336 1726 373 tantis

131 405 321 444 beneficiis
339 405 414 443 tuis
432 406 590 456 dignum
610 405 712 456 quod
730 404 947 455 rependam,
974 401 1066 440 nihil
1091 402 1248 440 omnino
1268 402 1432 440 invenio.
1491 401 1590 440 Cum
1610 401 1727 451 igitur

130 470 273 521 majora
304 476 391 508 sunt
427 470 609 508 beneficia
641 471 679 507 in
713 482 772 506 me
799 475 875 513 tua,
909 480 1021 519 quam
1052 472 1095 504 ut
1126 466 1206 517 ipsc
1241 480 1367 517 parem
1399 467 1559 516 gratiam
1589 465 1725 503 referre

130 547 276 586 queam,
301 534 406 587 (nam
425 540 468 572 tu
493 534 630 579 dando,
657 547 729 585 ego
749 533 969 584 accipiendo
989 531 1173 569 beneficia
1198 529 1461 582 collocamus‚)
1482 531 1641 568 libenter
1659 542 1724 579 ag-

130 612 285 637 noscam
298 612 359 636 me
379 599 587 637 debitorem
609 612 691 637 esse
710 604 835 643 tuum;
861 603 900 635 ct
918 597 1094 648 cumipse
1113 609 1190 634 non
1209 609 1292 634 sum
1312 596 1502 642 solvendo,
1522 595 1665 645 rogabo
1684 601 1725 631 ut

130 665 210 715 ipse
230 665 351 702 solvat
369 664 432 715 qui
457 677 525 715 pro
549 664 722 702 omnibus
749 663 884 700 debitis
908 661 1045 700 nostris
1071 662 1117 699 ad
1141 661 1293 712 plenum
1319 661 1510 699 satisfecit.
1568 660 1724 698 Interim

129 729 204 766 mei
231 741 322 779 erga
351 734 388 766 te
415 729 551 766 amoris
580 729 835 780 qualecunque
864 727 1001 778 pignus
1030 725 1153 764 Abelo
1182 733 1310 764 nostro
1336 726 1557 764 tradendum
1587 725 1722 767 curavi,

131 793 195 843 qui
231 793 270 830 id
299 793 419 843 ipsum
444 799 528 831 tuto
559 799 600 830 ut
632 799 709 831 tuae
742 792 965 830 humanitati
993 791 1175 836 mittatur,
1206 791 1245 829 in
1275 805 1313 829 se
1343 791 1486 842 recipit.
1544 790 1657 840 Rogo
1685 795 1723 827 te

129 857 301 903 multum,
328 865 368 895 ut
387 864 496 909 grato
522 859 649 896 animo
674 858 850 909 accipias,
870 862 909 895 et
935 869 1012 895 non
1035 856 1245 894 munusculi
1266 856 1526 907 exiguitatem,
1554 855 1620 892 sed
1638 854 1724 891 mit-

129 922 244 960 tentis
263 935 489 973 propensum
510 923 675 960 animum
695 936 763 973 pro
782 928 847 960 tua
866 921 1096 959 humanitate
1116 927 1284 972 spectare
1301 921 1404 959 velis.

213 987 313 1032 Quae
351 987 412 1025 hic
448 993 641 1038 geruntur,
677 993 715 1025 ct
748 1000 823 1038 quo
857 987 896 1024 in
929 992 1028 1024 statu
1059 999 1117 1024 res
1150 994 1291 1023 nostroe
1322 985 1519 1024 collocatae
1551 990 1650 1029 sunt,
1678 996 1723 1020 ex

130 1052 288 1090 aliorum
314 1052 430 1089 literis
454 1064 673 1102 cognosces.
732 1051 846 1097 Quod
871 1050 1077 1088 maximum
1104 1055 1160 1087 est
1187 1050 1321 1088 dicam.
1377 1050 1478 1088 Vera
1501 1048 1643 1087 Christi
1667 1060 1723 1084 rc-

130 1116 223 1167 ligio
252 1117 350 1168 apud
371 1130 442 1155 nos
465 1117 591 1155 locum
618 1116 753 1154 habet:
783 1115 1020 1166 evangelium
1046 1128 1124 1152 non
1154 1120 1212 1152 est
1238 1115 1411 1165 ligatum,
1442 1115 1510 1152 sed
1537 1113 1652 1151 libere
1680 1126 1723 1150 ac

132 1194 219 1231 pure
238 1181 496 1232 proedicatum.
554 1182 613 1219 De
632 1181 764 1218 ceteris
784 1186 910 1218 autem
928 1180 1036 1217 rebus
1054 1192 1132 1217 non
1158 1185 1214 1217 est
1239 1179 1338 1230 quod
1360 1179 1520 1216 multum
1539 1190 1720 1216 curemus.

132 1246 383 1284 Contenditur
411 1246 680 1297 aliquantulum
707 1245 753 1282 dc
777 1245 942 1283 vestibus
965 1244 1157 1295 papisticis
1188 1244 1336 1281 utendis
1362 1244 1420 1281 vel
1444 1256 1521 1281 non
1550 1242 1721 1280 utendis:

132 1311 241 1348 dabit
260 1312 362 1348 Deus
383 1312 442 1348 his
467 1323 612 1360 quoque
627 1311 768 1360 finem.
825 1309 935 1356 Vale,
965 1309 1228 1347 colendissimo
1251 1309 1317 1353 vir,
1345 1315 1384 1346 et
1400 1321 1474 1354 mc,
1499 1307 1598 1358 quod
1621 1307 1724 1351 facis,

132 1388 229 1420 ama,
258 1375 404 1425 meique
436 1376 604 1425 precibus
634 1375 708 1412 tuis
739 1374 785 1411 ad
820 1374 943 1412 Deum
967 1386 1112 1411 memor
1137 1380 1230 1411 esto.
1289 1374 1429 1418 Saluta,
1463 1385 1608 1423 quaeso,
1639 1384 1725 1408 meo

132 1439 284 1477 nomine
316 1440 364 1477 D.
396 1440 626 1483 Gualtcrum,
658 1440 706 1477 D.
736 1439 946 1483 Sinistrum,
976 1439 1093 1475 filium
1121 1444 1226 1476 tuum
1258 1437 1479 1482 chricum,
1509 1441 1725 1486 ceterosque

128 1504 301 1541 dominos
320 1517 363 1541 ac
383 1503 512 1541 fratres
532 1504 624 1541 mihi
645 1504 683 1541 in
703 1502 858 1541 Christo
878 1503 1099 1541 carissimos.
1156 1502 1383 1552 &VigorniQ
1413 1502 1524 1540 tertio
1542 1501 1565 1538 J
1570 1500 1725 1542 anuarii,

140 1571 250 1606 1566.

766 1621 894 1658 Frater
922 1626 1008 1657 tuus
1036 1620 1089 1657 tui
1119 1619 1410 1664 amantissimus,

1097 1700 1355 1739 EDWINUS
1382 1698 1620 1738 WIGORN.

552 1765 811 1791 1NSOR1PT10.

241 1821 495 1858 Ornatissimo
524 1820 806 1868 clarissimoque.
835 1820 933 1864 viro,
965 1821 1122 1857 domino

293 1886 466 1923 Henrico
488 1885 724 1933 Bullingem,
748 1885 946 1932 Tigurinae
965 1885 1122 1922 ecclesiae

287 1951 438 1999 pastori
457 1950 762 1996 trigilarztz'ssaaezo,
786 1951 939 1986 domino
959 1962 1004 1986 uc
1023 1948 1117 1999 fra-

292 2017 346 2051 tri
368 2027 450 2051 meo
474 2016 686 2052 carissimo.

607 2079 754 2126 Tignri.

662 2270 964 2313 EPISTOLA
998 2271 1196 2312 LXVII.
1237 2280 1242 2284 ’

245 2447 502 2479 JOHANNES
532 2448 745 2479 JUELLUS
775 2450 842 2480 AD
871 2449 1131 2480 IIENRICUM
1164 2444 1521 2479 BULLINGERUM
1545 2443 1605 2474 ET

604 2511 898 2543 LUDOVICUM
928 2511 1250 2543 LAVATERUM.

216 2585 254 2623 S.
276 2599 338 2623 ΡΙ..
361 2586 398 2623 ἰ11
428 2586 579 2623 Christo
609 2586 712 2624 Jesu.
771 2588 904 2625 Rarius
931 2588 1052 2625 multo
1085 2588 1131 2624 ad
1159 2600 1225 2624 vos
1253 2586 1388 2629 scribo,
1418 2581 1724 2622 reverendissime

136 2655 251 2700 pater,
279 2657 393 2701 tuque
426 2651 567 2702 optime
600 2650 800 2697 Ludovicc,
831 2665 943 2703 quam
970 2658 1035 2690 aut
1064 2664 1136 2702 ego
1156 2651 1278 2695 velim,
1306 2656 1370 2687 aut
1394 2662 1460 2686 vos
1489 2647 1723 2698 exspectatis.

140 2715 256 2766 quue
276 2728 387 2766 quam
408 2729 473 2754 vos
491 2717 527 2754 in
548 2722 691 2767 partem
711 2717 914 2768 accipiatis,
935 2717 1086 2755 nescio:
1117 2716 1229 2767 cupio
1247 2714 1434 2766 equidem,
1453 2726 1500 2750 ne
1519 2713 1557 2750 in
1576 2711 1724 2749 malam.

138 2779 294 2824 Quanto
314 2781 415 2818 enim
434 2782 555 2831 magis
581 2794 652 2832 ego
671 2795 731 2818 me
751 2788 886 2819 vestrae
906 2782 1073 2819 omnium
1101 2780 1231 2831 pietati
1252 2779 1471 2817 obstrictum
1490 2790 1572 2815 csse
1591 2775 1726 2817 sentio,

137 2850 350 2896 quantoque
368 2846 482 2896 pluris
498 2846 680 2895 judicium
697 2846 742 2883 (lc
761 2859 822 2884 me
836 2852 999 2884 vestrum
1015 2859 1163 2896 semper
1176 2844 1260 2891 feci,
1278 2850 1384 2882 tanto
1397 2843 1521 2880 minus
1539 2841 1649 2879 velim
1665 2853 1726 2876 mc

137 2920 159 2944 a
179 2908 283 2946 vobis
301 2916 365 2947 aut
384 2910 579 2948 oblivionis
597 2916 661 2947 aut
678 2910 927 2961 negligentia:
951 2910 1203 2948 condemnari.
1258 2910 1281 2948 J
1285 2922 1345 2946 am
1364 2921 1451 2946 vero
1472 2904 1727 2957 occupationi-

139 2970 206 3009 bus
225 2974 318 3012 mcis
338 2980 414 3012 tam
435 2975 549 3026 longa
574 2975 723 3012 silentia
742 2975 900 3013 tribucre
919 2975 1091 3027 putidum
1108 2975 1265 3013 fortasse
1286 2974 1474 3012 videatur:
1505 2970 1667 3015 tametsi,
1697 2968 1728 3005 si
