1845 3233
138 148 226 206 cu.]
323 162 530 192 JOHANNES
560 161 850 191 mmfflunsrus
884 162 939 189 An
968 161 1178 192 ΗΕΝἙιουΜ
1211 164 1510 194 nortmannum.
1622 153 1705 194 155

703 331 1001 374 EPISTOLA
1044 332 1143 376 CII.

210 542 466 576 JOHANNES
495 542 845 574 PARKHURSTUS
873 543 942 575 AD
973 542 1230 575 HENRICUM
1264 543 1631 577 BULLINGERUM.

213 620 475 658 DocTiss1MA
497 625 562 657 tua
584 619 759 657 refutatio
783 619 895 656 bullae
918 618 1113 670 papisticae
1139 632 1205 669 per
1226 621 1391 659 omnium
1410 635 1542 660 manus
1560 621 1708 661 volitat:

136 684 299 735 loquitur
327 685 427 722 enim
456 683 629 735 Anglice‚
663 689 700 721 et
736 696 892 721 excusus
928 687 985 720 est
1023 681 1198 722 Londini.
1254 684 1359 722 Bene
1387 698 1409 723 a
1435 685 1540 723 vobis
1570 686 1709 725 factum

136 754 203 794 est,
236 749 336 799 quod
367 754 444 786 tam
476 749 676 799 diligenter
705 747 971 799 responderitis
1003 747 1144 786 insulso
1173 754 1211 785 et
1242 748 1382 787 furioso
1414 750 1561 788 Brentii
1595 756 1709 790 testa-

136 818 273 851 mento.

214 878 348 915 Tribus
384 877 457 915 illis
491 877 666 928 litigiosis
699 876 739 914 in
778 876 932 915 ecclesia
969 875 1348 927 Belgio-Germanica
1385 879 1710 918 concionatoribus

136 941 351 992 impositum
384 947 442 979 est
474 940 674 987 silentium,
704 946 742 978 et
775 940 848 978 duo
876 939 938 977 alii
965 939 1005 977 in
1032 953 1161 978 eorum
1190 940 1313 978 locum
1341 943 1546 992 surrogati:
1583 945 1629 981 17
1663 958 1709 983 ex

135 1006 264 1043 cadem
303 1006 459 1043 ecclesia
491 1006 655 1044 calendis
691 1005 895 1043 Novembr.
938 1010 1090 1056 propter
1122 1004 1264 1042 foedum
1301 1005 1489 1044 ebrietatis
1526 1007 1656 1046 vitium
1688 1022 1709 1047 e

134 1076 262 1108 nostra
289 1070 437 1108 civitate
463 1076 550 1108 sunt
576 1070 732 1121 expulsi.
787 1069 900 1108 Circa
928 1069 1094 1107 medium
1123 1070 1340 1108 Decembris
1370 1071 1539 1122 Legatus
1568 1073 1708 1124 Hispa-

133 1134 237 1172 nicus
264 1134 391 1185 jussus
423 1140 480 1173 est
512 1135 611 1173 intra
638 1135 798 1172 triduum
829 1133 916 1187 (sub
948 1148 1062 1185 poena
1092 1134 1225 1185 capitis
1248 1135 1481 1187 amputandi)
1506 1150 1553 1174 ex
1569 1136 1710 1189 Anglia

134 1198 345 1237 discedere:
388 1199 441 1238 sic
470 1199 570 1238 enim
598 1199 749 1251 quidam
781 1200 828 1237 ad
857 1213 918 1237 me
946 1199 1090 1250 scripsit
1120 1198 1319 1244 Londino;
1359 1200 1423 1238 sed
1450 1200 1489 1238 id
1513 1215 1561 1239 an
1583 1215 1708 1242 verum

134 1263 194 1309 sit,
225 1264 364 1302 nescio.
420 1263 533 1302 Certe
560 1263 664 1310 abiit,
693 1264 864 1310 excessit,
894 1264 1021 1302 evasit.

213 1329 301 1366 Dux
333 1328 627 1374 Nortliumbriae‚
661 1331 708 1365 16
736 1329 821 1367 Jan.
855 1342 877 1367 a
905 1328 1062 1379 septima
1094 1329 1134 1366 in
1166 1341 1295 1366 aurora
1331 1329 1378 1366 ad
1414 1330 1609 1382 septimam
1641 1332 1708 1370 sub

135 1398 282 1430 noctem
316 1393 355 1430 in
383 1393 466 1430 aula
490 1392 888 1431 WVestmonasteriensi
921 1406 1027 1431 suam
1057 1406 1207 1430 causam
1235 1394 1324 1443 egit.
1385 1393 1508 1433 Multa
1545 1401 1630 1433 sunt
1656 1395 1709 1433 illi

133 1456 237 1495 laesae
265 1458 472 1508 majestatis
504 1457 656 1495 crimina
680 1459 838 1509 objecta,
864 1471 948 1509 quae
980 1458 1054 1503 illc,
1084 1463 1125 1495 ut
1156 1458 1290 1509 potuit,
1319 1458 1436 1496 diluit.
1490 1459 1588 1498 Tota
1613 1459 1709 1498 illius

134 1533 256 1558 causae
284 1522 451 1572 cognitio
484 1527 522 1558 et
548 1522 731 1572 judicatio
762 1523 808 1561 ad
832 1536 968 1561 novem
997 1523 1164 1568 comites,
1196 1536 1312 1561 unum
1344 1523 1633 1571 vice-comitem,
1670 1531 1708 1563 et

133 1586 341 1637 quindecim
368 1586 522 1623 barones
539 1586 711 1624 devoluta
736 1593 803 1625 est.
854 1587 923 1625 Isti
949 1600 1080 1625 omnes
1104 1587 1273 1625 unanimi
1299 1601 1485 1626 consensu
1502 1601 1587 1626 eum
1604 1602 1706 1627 reum

133 1651 447 1701 pronunciaruntz
484 1656 594 1701 atque
630 1651 683 1689 ita
718 1653 869 1689 tandem
904 1652 1016 1690 morti
1053 1651 1284 1702 adjudicatus
1320 1658 1387 1690 est.
1442 1653 1546 1691 Vivit
1582 1659 1707 1692 tamen

133 1714 251 1753 adhuc
277 1715 315 1752 in
342 1715 432 1752 turri
461 1714 693 1752 Londinensi
720 1717 818 1754 inter
846 1729 948 1767 spem
976 1721 1202 1766 metumque.

212 1779 397 1830 Superiori
427 1792 524 1816 anno
557 1779 661 1817 nives
676 1781 789 1826 ‘circa
820 1781 968 1818 initium
999 1780 1192 1819 Februarii
1225 1785 1310 1817 sunt
1337 1781 1564 1832 liquefactae.
1621 1782 1708 1821 Hoc

134 1856 233 1880 anno
261 1849 340 1881 tum
369 1843 517 1881 demum
546 1850 750 1895 coeperunt,
780 1850 818 1882 ct
845 1845 943 1882 circa
970 1844 1118 1882 initium
1146 1843 1276 1882 Martii
1302 1845 1566 1896 liquescebant.

214 1908 318 1945 Bene
356 1908 528 1946 convenit
558 1909 654 1946 inter
681 1922 751 1946 nos
779 1914 817 1946 et
850 1909 999 1946 Gallos:
1042 1915 1080 1946 at
1115 1909 1276 1960 Hispani
1308 1910 1467 1948 frontem
1498 1919 1705 1962 corrugant.

134 1970 223 2023 Ago
256 1973 426 2023 ingentes
455 1972 594 2022 gratias
624 1986 692 2023 pro
724 1974 1004 2024 elegantissimo
1034 1974 1098 2011 illo
1124 1974 1248 2011 libello
1274 1974 1319 2011 de
1344 1976 1562 2013 auctoritate
1592 1977 1706 2028 scrip-

134 2042 226 2074 turae
256 2042 294 2074 et
322 2036 511 2074 ecclesiae:
551 2036 714 2088 quisquis
750 2038 972 2088 composuit,
1006 2043 1106 2076 certe
1134 2038 1189 2075 vir
1219 2038 1349 2076 doctus
1380 2045 1436 2077 est
1462 2045 1499 2077 et
1526 2041 1621 2091 pius.
1668 2041 1706 2079 Si

134 2100 305 2151 Zuinglio
338 2106 402 2138 tuo
431 2114 521 2152 opus
553 2101 622 2139 erit
650 2107 777 2139 nostra
805 2115 929 2153 opera,
962 2102 1025 2139 illa
1056 2102 1209 2140 minime
1236 2102 1477 2141 frustrabitur.
1524 2104 1613 2143 Hoc
1640 2106 1707 2143 tibi

135 2171 173 2202 et
210 2165 261 2202 illi
298 2166 619 2217 persuasissimum
652 2178 733 2203 esse
769 2166 891 2203 velim.
961 2166 1073 2204 Certe
1109 2172 1270 2204 vestram
1313 2167 1357 2204 de
1393 2180 1452 2205 me
1494 2169 1708 2220 opinionem

132 2242 323 2281 nunquam
349 2231 484 2268 fallam.
541 2230 630 2268 Non
655 2243 807 2281 possum
832 2231 959 2281 plura;
989 2243 1076 2268 nam
1101 2230 1228 2268 multis
1254 2231 1387 2269 iisdem
1415 2233 1518 2271 seriis
1544 2235 1707 2285 negotiis

133 2294 324 2333 adobruor.
372 2295 478 2339 Vale,
499 2294 550 2332 mi
571 2295 797 2345 Bullingere.
854 2294 984 2332 Saluta
1001 2308 1130 2333 omnes
1153 2295 1308 2334 amicos.
1366 2296 1456 2334 Mea
1474 2311 1541 2336 vos
1560 2311 1702 2337 omnes.

134 2359 297 2411 Raptim.
354 2359 585 2405 Ludhamiae,
618 2361 664 2396 10
685 2359 828 2405 Martii,
853 2361 965 2397 1572.

1123 2424 1237 2471 Thus,

915 2487 1202 2528 JOHANNES
1240 2489 1650 2540 PARKHURSTUS‚

1135 2553 1440 2596 Nordovicensis.

370 2630 620 2656 1Nscn1rT10.

242 2684 395 2721 Eximio
414 2685 494 2720 viro
514 2683 563 2720 D.
584 2681 755 2719 Henrz‘co

292 2749 524 2798 Bullz'ngero.
581 2747 724 2797 Tiguri.
