1845 3233
124 126 238 184 xcv]
597 146 650 172 ,11)
686 145 892 173 flmmeum
933 146 1230 173 notmxemtvn.
1625 136 1704 177 141

122 269 202 293 rum
232 258 485 308 proximorum
516 261 743 311 pensionem.
801 261 940 312 Scripsi
963 262 1008 299 ad
1032 262 1137 300 illum
1166 262 1279 299 semel
1304 263 1385 313 jam
1414 269 1525 315 atque
1559 265 1704 316 iterum,

121 326 162 356 ut
196 320 439 371 significaret,
473 325 534 362 cui
563 339 624 363 me
655 326 744 363 velit
774 338 979 364 numerare.
1037 326 1200 364 Pecunia
1231 334 1374 377 praesto
1406 334 1474 373 est,
1509 331 1623 369 modo
1656 334 1706 371 sit

119 384 183 434 qui
212 386 385 438 accipiat.
440 387 479 426 Si
507 388 601 427 nihil
628 390 778 435 scribet,
807 404 882 428 non
909 397 967 429 est
994 391 1092 442 quod
1124 398 1274 429 accuset
1302 391 1413 430 fidem
1441 406 1585 433 meam:
1623 397 1703 448 ipse

120 449 191 487 sibi
218 450 308 489 facit
335 452 522 502 injuriam.

201 514 303 559 Vale,
331 516 383 553 mi
408 523 526 567 pater,
567 525 605 556 et
623 519 773 557 domine
802 519 841 557 in
875 518 1028 557 Christo
1058 521 1329 559 colendissime.
1376 522 1561 563 Dominus
1587 526 1698 566 Jesus

119 582 157 614 tc
183 578 353 618 ecclesiae
379 594 460 620 suae
486 596 596 634 quam
615 583 822 622 diutissime
841 589 960 621 servet
978 583 1225 623 incolumem!
1282 585 1514 635 Sarisburitffi
1538 592 1701 630 secunda

124 642 267 688 Martii,
301 645 413 682 1571.

904 723 1004 761 Tuus
1032 723 1070 761 in
1099 722 1264 770 Christo,

1085 812 1160 851 JO.
1190 813 1439 860 JUELLFS,

1231 901 1442 953 Episcopus
1461 903 1702 947 Sarisburien.

380 963 631 991 INSCRIPTIO.

201 1015 387 1054 Ornatas.
417 1019 512 1063 viro,
541 1019 587 1055 D.
616 1018 786 1056 Henrieo
815 1017 967 1055 Bullin-

300 1092 401 1127 ζεξενο,
414 1084 567 1131 pastori
581 1084 742 1118 ecetesioe
757 1082 966 1129 'sig-urium,

305 1147 550 1183 dominosve
580 1148 854 1190 colendissimo,
886 1150 967 1183 tra-

304 1211 452 1247 ‹lantm-
478 1212 547 1248 lice.
606 1211 752 1258 Tiguri.

656 1511 955 1553 EPISTOLA
991 1511 1159 1555 XCVI.

278 1713 523 1745 RICARDUS
554 1713 729 1746 HILLES
760 1716 829 1746 AD
862 1715 1121 1748 IIENRICUM
1154 1715 1525 1748 BULLINGERUM.

193 1796 393 1834 SALUTEM
429 1797 625 1848 plurimam
658 1798 696 1835 in
731 1799 910 1836 Domino.
967 1799 1113 1836 Octavo
1149 1798 1210 1836 die
1242 1797 1373 1836 Martii
1406 1799 1533 1850 scripsi
1565 1801 1611 1839 ad
1647 1808 1698 1850 te,

113 1861 263 1899 domine
295 1861 569 1907 colendissime‚
590 1876 680 1913 quas
710 1863 902 1901 Barnabas
932 1864 1029 1902 filius
1056 1876 1174 1909 metm,
1199 1868 1240 1899 ut
1264 1861 1355 1900 mihi
1381 1870 1514 1913 postea
1538 1867 1697 1918 scripsit,

112 1926 358 1977 superioribus
393 1927 569 1964 nundinis
606 1927 944 1973 Francofordianis,
983 1942 1046 1978 per
1084 1929 1130 1965 D.
1170 1926 1479 1977 Christophorum
1518 1929 1700 1969 Froscho—

110 2003 237 2028 verum
270 1992 317 2029 ad
349 1997 386 2028 te
419 1991 634 2029 transmisit.
692 1991 852 2029 Easdem
890 2006 998 2043 spero
1031 1998 1119 2029 ante
1152 1992 1250 2029 hune
1284 1991 1382 2029 diem
1418 1999 1453 2029 te
1487 1996 1696 2045 accepisse:

110 2069 175 2102 per
204 2070 266 2094 eas
294 2056 566 2093 humanitatem
600 2062 701 2093 tuam
738 2057 931 2093 certiorem
964 2056 1046 2102 seei,
1080 2057 1288 2108 superiores
1321 2057 1446 2094 literas
1479 2064 1572 2104 tuas,
1606 2075 1697 2111 quas

110 2121 148 2158 in
174 2120 367 2172 praeterito
396 2134 497 2157 anno
528 2133 655 2158 mense
678 2120 853 2170 Augusto
880 2121 1030 2172 copiose
1061 2122 1107 2158 ad
1136 2134 1196 2158 me.
1225 2121 1416 2171 scripsisti,
1441 2122 1579 2161 dudum
1604 2126 1696 2164 mihi

110 2197 192 2222 esse
219 2185 390 2223 redditas.
449 2184 576 2222 Hodie
599 2190 724 2221 autem
748 2184 907 2234 primum
932 2192 1016 2222 tuas
1036 2185 1126 2222 mihi
1148 2186 1378 2234 gratissimas
1397 2186 1535 2233 literas,
1554 2189 1586 2227 T
1587 2191 1694 2239 iguri,

111 2252 160 2286 25
190 2249 391 2294 Februarii,
423 2263 523 2286 anno
558 2251 653 2285 1571
686 2249 875 2299 praesenti,
905 2249 951 2286 ad
978 2263 1037 2286 mc
1066 2250 1171 2286 datas
1200 2250 1340 2299 accepi,
1367 2263 1439 2288 una
1468 2266 1551 2290 cum
1577 2255 1695 2294 tribus

109 2314 225 2352 literis
270 2315 343 2352 tuis
379 2314 586 2352 reverendis
630 2313 828 2363 episcopis,
878 2313 1118 2358 Ebomccnsi,
1158 2314 1314 2359 Eliensi,
1353 2321 1389 2351 ct
1432 2316 1695 2358 Sarisburiensi

109 2378 310 2430 inscriptis,
340 2392 383 2416 ae
414 2379 525 2415 etiam
557 2378 673 2415 tribus
701 2377 775 2414 tuis
808 2378 1069 2428 manuscriptis
1095 2378 1380 2428 exemplaribuS,
1411 2381 1455 2417 dc
1489 2384 1620 2433 quibus
1654 2385 1692 2423 in

109 2442 301 2493 praedictis
326 2443 442 2480 literis
462 2443 536 2479 tuis
556 2442 787 2479 mentionem
815 2441 928 2486 facis3
960 2455 1044 2492 quun
1073 2443 1199 2479 omnia
1223 2443 1421 2494 episeopis,
1445 2447 1576 2496 quibus
1604 2462 1692 2487 eon-

110 2507 268 2558 signasti
305 2520 361 2552 ea,
399 2506 557 2544 fideliter
589 2507 667 2555 jam
705 2505 808 2542 reddi
840 2506 987 2544 curabo.
1053 2507 1173 2543 Miror
1205 2513 1302 2544 certe
1335 2509 1506 2556 multum,
1540 2513 1689 2551 ubinam

107 2571 249 2609 tamdiu
282 2571 320 2608 in
350 2571 480 2608 itincrc
511 2570 714 2608 haeserint:
746 2570 894 2619 gaudeo
923 2577 1046 2607 tamen
1078 2584 1137 2607 me
1167 2584 1211 2608 ca
1240 2572 1297 2608 vel
1328 2585 1425 2611 nunc
1455 2576 1604 2615 tandem
1636 2592 1692 2616 re-

107 2637 272 2687 cepisse3
305 2634 498 2685 habeoque
524 2635 591 2671 tibi
623 2634 762 2684 gratias
791 2648 858 2685 pro
889 2634 983 2672 libro
1009 2648 1083 2671 uno
1112 2636 1337 2674 Germanico
1361 2637 1551 2689 impresso,
1580 2654 1689 2692 quem

106 2701 199 2738 mihi
227 2701 328 2738 dono
357 2699 491 2736 dedisti
521 2699 574 2735 sie
605 2698 715 2735 titulo
748 2699 948 2749 inscripto:
979 2699 1058 2736 Auf
1083 2699 1204 2736 Herrn
1232 2700 1331 2738 Jahn
1366 2702 1551 2743 Brentzen
1579 2713 1691 2745 testa-

106 2771 224 2810 ment,
249 2770 320 2801 etc.
379 2763 558 2808 Qualium
586 2762 760 2799 librorum
789 2761 893 2807 duos,
922 2769 1103 2813 praetcrea
1128 2769 1166 2800 ct
1191 2762 1326 2802 Latine
1353 2766 1553 2817 impressos
1583 2771 1690 2820 quin-

106 2842 179 2880 que
204 2829 331 2873 libros,
359 2834 398 2864 et
427 2833 501 2865 tres
528 2827 665 2871 literas,
694 2827 864 2864 videlicet
896 2828 942 2864 ad
971 2827 1185 2878 episcopum
1215 2835 1382 2867 nostrum
1414 2831 1687 2872 Londinensem

105 2906 209 2937 unaS,
238 2892 284 2929 ad
309 2892 524 2942 episcopum
552 2891 840 2928 Dunelmcnsem
871 2892 1018 2936 alteras,
1046 2898 1154 2942 atque
1183 2892 1228 2929 ad
1261 2893 1465 2933 chricum
1493 2897 1686 2937 Butlerum

105 2957 194 2994 alias
225 2955 284 2994 hic
312 2955 449 3006 recepi,
482 2968 566 2993 cum
596 2955 713 2993 tribus
746 2956 1014 3006 exemplaribus
1045 2956 1304 3008 manuscriptis
1337 2960 1549 3009 1>ra=dietis;
1595 2978 1685 3014 quas
