1845 3233
102 152 221 210 exin]
574 165 630 192 AD
660 163 873 191 HEchUM
905 162 1209 189 BULLINGERUM.
1617 144 1696 191 171

185 281 262 318 Res
282 278 440 318 Gallieae
462 284 549 317 sunt
566 279 670 317 vobis
688 277 779 315 satis
804 282 922 314 notae.
982 275 1027 314 In
1049 275 1254 314 Hollandia
1273 281 1311 313 et
1337 275 1511 314 Selandia
1527 274 1700 325 princeps

107 345 289 383 Auriacus
313 344 431 381 classe
450 343 618 394 superior
635 347 714 386 est;
755 348 852 379 terra
871 340 984 378 dubio
1008 353 1156 391 semper
1173 346 1311 378 eventu
1335 345 1509 378 certatur.
1566 338 1700 377 Domi-

110 423 179 448 nus
197 409 417 446 misereatur
434 407 605 446 ecclesiae
625 419 719 451 suae,
736 411 774 442 et
793 405 852 442 his
871 404 980 442 malis
999 404 1151 442 tandem
1164 404 1366 455 aliquando
1385 404 1499 442 finem
1518 403 1701 455 imponat,

109 479 150 510 ut
179 473 300 523 ipsum
333 485 407 509 uno
432 485 497 510 ore
527 470 800 522 glorificemus;
837 469 902 519 qui
931 473 1036 505 tuam
1068 468 1248 518 pietatem
1276 468 1450 506 ecclesiae
1478 481 1558 506 suae
1591 481 1701 518 quam

112 536 321 575 diutissime
348 536 577 574 incolumem
604 533 823 572 conservet!
882 532 1056 577 Eboraci,
1086 532 1219 570 ultimo
1246 532 1354 577 Julii,
1387 535 1500 570 1573.

745 607 1015 646 Deditissilnus
1042 607 1111 644 tibi
1139 607 1178 644 in
1206 608 1387 652 Domino,

1097 683 1231 720 EDM.
1262 683 1651 722 EBORACENSIS.

194 762 235 799 P.
251 762 287 799 S.
343 761 464 799 Statui
503 758 672 811 (volente
712 758 896 807 Domino)
934 758 981 795 ad
1018 758 1205 796 nundinas
1240 772 1373 797 vernas
1408 759 1549 810 aliquid
1584 760 1706 797 nostri

114 825 341 872 μνημόσυνον
369 826 416 863 ad
445 830 483 862 te
511 824 682 861 mittere:
726 822 823 873 quod
846 835 946 859 nunc
978 822 1132 860 artificis
1164 823 1402 874 negligentia
1428 832 1597 874 paratum
1625 837 1702 862 non

119 896 209 928 erat.

458 966 725 994 INSCRIPTlo.

222 1023 390 1060 Domino
413 1022 588 1058 chrico
606 1020 835 1067 Bullingero
864 1021 1014 1065 seniori,

272 1087 433 1123 ecclesioe
468 1086 668 1134 Tigurinoe
705 1085 881 1122 ministro
913 1084 1018 1133 fide-

270 1152 431 1196 lissimo,
466 1150 598 1201 fratri
634 1163 682 1187 ac
716 1152 938 1198 symmystoe
975 1151 1016 1186 in

273 1216 439 1253 Domino
469 1215 683 1253 carissimo.

660 1449 964 1492 EPISTOLA
996 1449 1173 1492 CXIII.

215 1625 487 1657 EDMUNDUS
514 1627 831 1660 GRINDALLUs
856 1629 925 1659 AD
953 1627 1265 1660 RODOLPHUM
1296 1625 1619 1656 GUALTERUM.

198 1706 403 1744 SALUTEM
437 1707 477 1745 in
512 1707 678 1753 Christo,
711 1710 901 1748 carissime
936 1711 986 1748 D.
1015 1708 1212 1746 Gualtere!
1272 1706 1387 1751 Quod
1418 1705 1593 1743 homilias
1630 1711 1713 1742 tuas

122 1771 160 1808 in
190 1773 207 1807 1
236 1771 283 1808 ad
308 1771 528 1810 Corinthios
554 1787 674 1824 nuper
703 1775 822 1812 editas
847 1775 915 1812 sub
939 1787 1026 1811 meo
1051 1786 1095 1810 ac
1120 1773 1278 1809 aliorum
1306 1770 1542 1821 quorundam
1570 1770 1717 1808 carissi-

123 1848 268 1873 morum
290 1836 444 1874 fratrum
466 1842 506 1874 et
528 1837 756 1888 collegarum
782 1852 950 1877 meorum
976 1838 1131 1876 nomine
1155 1848 1332 1887 apparere
1355 1835 1521 1879 voluisti,
1549 1835 1717 1885 gratissi—

122 1913 228 1937 mum
246 1899 334 1944 fuit;
355 1906 468 1950 atque
485 1914 530 1938 eo
549 1902 715 1947 nomine,
735 1904 837 1954 quod
855 1903 903 1940 ad
919 1916 979 1940 me
998 1902 1147 1946 attinet,
1163 1900 1290 1950 (spero
1305 1905 1430 1936 autem
1451 1904 1596 1936 ceteros
1615 1899 1717 1936 idem

123 1964 319 2014 facturos‚)
340 1964 480 2014 gratias
502 1965 634 2015 pietati
654 1973 731 2004 tuae
757 1981 831 2018 ago
851 1980 962 2018 quam
984 1966 1179 2003 maximas.
1236 1965 1326 2002 Duo
1345 1964 1573 2013 exemplaria
1600 1963 1714 2013 ligata

124 2029 229 2066 misit
258 2029 305 2065 ad
334 2040 395 2066 me
424 2029 522 2066 filius
555 2035 653 2074 tuus,
683 2044 840 2081 quorum
870 2031 1028 2068 alterum
1058 2029 1144 2066 misi
1170 2029 1217 2066 ad
1247 2029 1295 2066 D.
1321 2029 1630 2072 Dunclmenscm,
1657 2028 1717 2064 cui

124 2093 252 2136 etiam,
283 2093 337 2130 uti
368 2093 507 2138 scribit,
540 2099 687 2143 gratum
720 2095 791 2132 fuit
822 2108 981 2139 munus3
1011 2094 1168 2131 alterum
1196 2093 1294 2144 apud
1325 2106 1385 2130 mc
1415 2092 1570 2130 retineo.
1627 2091 1715 2129 Non

125 2164 182 2195 est
214 2170 280 2195 cur
324 2157 517 2195 audaciam
560 2164 664 2195 tuam
702 2158 740 2195 in
773 2158 970 2196 scribendo
1006 2159 1053 2196 ad
1089 2171 1148 2195 me
1181 2163 1259 2194 tam
1296 2157 1497 2207 diligenter
1532 2169 1715 2194 excuses:

125 2235 165 2259 es
190 2222 290 2259 enim
324 2221 432 2266 mihi,
461 2221 532 2258 etsi
566 2234 643 2259 non
676 2236 723 2259 cx
755 2222 862 2267 facie,
899 2236 945 2260 ex
972 2223 1121 2273 scriptis
1150 2228 1275 2259 tamen
1307 2222 1394 2267 tuis,
1425 2221 1605 2271 singulari
1637 2234 1716 2258 cru-

127 2286 269 2323 ditione
293 2291 331 2323 et
354 2286 524 2323 doctrina
545 2286 808 2332 refertissimis,
831 2287 922 2324 satis
940 2292 1067 2332 notus;
1099 2292 1137 2324 et
1156 2292 1308 2337 proptor
1325 2286 1501 2323 eximiam
1521 2286 1715 2336 pietatem,

128 2363 239 2401 quam
276 2351 413 2401 ubique
458 2350 599 2400 spirant
634 2356 698 2388 tua
734 2352 883 2402 scripta,
923 2352 1019 2390 addo
1057 2352 1182 2396 ctiam,
1215 2355 1365 2401 propter
1397 2350 1642 2388 arctissimam
1680 2351 1717 2387 in

128 2428 214 2453 vera
241 2414 384 2452 Christi
411 2415 582 2452 doctrina
610 2416 913 2460 consensionem,
943 2416 1170 2453 carissimus.

210 2479 345 2517 Filium
382 2485 501 2525 tuum,
538 2480 626 2529 quia
662 2480 741 2531 ipse
778 2494 800 2517 a
838 2480 1085 2531 Cantabrigia
1123 2480 1251 2532 procul
1288 2481 1430 2525 absum,
1469 2480 1518 2517 D.
1551 2479 1717 2518 johanni

131 2543 373 2594 Whitegifto,
400 2544 542 2594 optimo
572 2544 665 2588 viro,
697 2550 734 2581 ct
761 2545 923 2594 collegii,
953 2545 993 2582 in
1023 2559 1097 2595 quo
1127 2545 1231 2595 degit
1260 2545 1371 2588 filius,
1403 2544 1596 2594 praefecto,
1623 2545 1719 2582 serio

131 2607 416 2651 commendavi3
456 2621 567 2658 quem
598 2608 711 2645 etiam
744 2609 860 2653 oravi,
898 2615 940 2646 ut
970 2621 1116 2646 morum
1149 2622 1298 2658 quoque
1332 2621 1372 2645 se
1401 2621 1596 2646 censorem
1629 2609 1719 2645 satis

132 2684 314 2716 severum,
347 2671 378 2708 si
409 2684 502 2721 opus
527 2677 638 2716 essct,
670 2672 877 2723 praeberet:
916 2672 980 2709 scd
1010 2685 1087 2709 non
1121 2673 1190 2709 crit
1215 2685 1322 2722 opus,
1351 2672 1406 2709 uti
1435 2685 1570 2722 spcro;
1610 2672 1720 2709 audio

129 2737 231 2774 enim
263 2736 380 2773 filium
409 2741 515 2772 tuum
545 2735 748 2773 admodum
777 2736 985 2774 studiosum
1019 2749 1102 2774 esse
1131 2749 1175 2774 ac
1206 2736 1433 2781 modestum,
1466 2741 1505 2773 et
1535 2736 1580 2773 ab
1614 2736 1717 2773 omni

133 2800 286 2838 levitate
313 2800 488 2837 alienum.

215 2864 275 2902 De
302 2864 413 2901 rebus
445 2863 583 2901 nostris
616 2871 736 2913 pauca
766 2863 895 2914 scripsi
928 2864 974 2901 ad
1009 2864 1056 2902 D.
1093 2863 1369 2913 Bullingerum‚
1400 2877 1487 2915 quae
1522 2864 1613 2914 ipsc,
1646 2877 1720 2900 non

136 2928 279 2974 dubito,
315 2928 620 2966 communicabit.
675 2927 812 2978 ScrIpsi
849 2929 963 2965 etiam
994 2928 1042 2964 ad
1074 2928 1275 2966 Ricardum
1308 2928 1446 2974 Hillos,
1476 2934 1720 2966 mercatorem

137 2992 428 3039 Londinensem,
440 2998 480 3030 ut
496 2992 767 3043 quinquaginta
786 2998 984 3031 coronatos
996 2993 1160 3031 Gallicos
1182 2993 1250 3031 tibi
1264 2993 1311 3031 ad
1325 2999 1524 3044 sequentes
1537 2992 1722 3031 nundinas
