1845 3233
181 149 263 190 190
768 155 965 185 ROBERTUS
997 156 1153 184 HoRNUs
1597 139 1737 196 [13:1³1s'r.

690 339 985 382 EPISTOLA
1028 337 1226 380 CXXX.

401 500 653 532 ROBERTUS
684 502 879 535 HORNUS
907 503 973 534 AD
1003 501 1252 544 [QUOSDAM
1282 499 1526 538 FRATREs.]

256 582 418 620 GRATIA
456 588 493 619 et
526 596 598 633 pax
637 583 676 621 in
720 584 898 622 Christo!
972 585 1094 623 Doleo
1136 583 1317 634 profecto,
1353 582 1481 620 fratres
1517 581 1555 618 in
1591 578 1743 617 Christo

179 647 369 692 carissimi,
396 652 473 684 tam
507 647 656 685 inanem
696 650 866 700 cuiquam
892 649 1016 687 inesse
1052 648 1275 694 vecordiam,
1303 653 1344 685 ut
1370 659 1455 685 cum
1491 651 1617 684 sancta
1651 657 1744 695 pace

179 711 339 762 gaudere
369 711 497 761 possit,
526 712 622 749 male
653 718 792 758 tamen,
820 713 908 751 licet
935 726 982 750 ex
1008 713 1207 750 multorum
1238 710 1499 756 incommodis,
1528 722 1632 747 suam
1660 707 1742 753 sibi,

179 781 221 814 ut
251 775 326 813 vult
355 775 483 821 videri,
514 789 727 827 comparare
755 777 1084 828 tranquillitatem:
1128 777 1276 828 quando
1306 789 1444 821 revera,
1475 775 1561 812 dum
1590 786 1743 818 caecam,

179 840 423 885 temerariam,
458 840 611 890 impiam
646 842 885 893 cupiditatem
922 842 1059 893 satagit
1091 842 1236 893 explere
1268 855 1384 887 suam,
1420 853 1497 878 non
1533 839 1614 877 aliis
1651 838 1745 876 adeo

179 904 441 949 incommodat,
477 910 587 955 atque
623 919 662 944 se
696 906 816 957 ipsum
851 907 890 944 in
926 918 1111 943 summum
1155 906 1389 956 praecipitem
1434 905 1497 942 dat
1533 902 1742 941 discrimen.

180 969 317 1008 Verum
346 968 497 1005 Satanae
523 967 576 1005 rra*
602 969 770 1017 νοήματα
796 970 895 1008 haud
919 970 1155 1021 ignoramus:
1186 983 1295 1021 quam
1314 974 1485 1020 prompta
1503 968 1551 1006 sit
1573 967 1749 1005 scelerata

180 1033 278 1071 illius
311 1033 482 1070 voluntas
525 1033 571 1070 ad
605 1035 775 1072 ecclesiae
810 1034 1115 1086 tranquillitatem
1157 1033 1498 1078 interturbandam3
1546 1045 1655 1083 quam
1699 1031 1747 1068 sit

182 1097 379 1135 nefandum
413 1097 491 1147 ejus
527 1097 723 1135 consilium
759 1099 806 1136 ad
842 1098 1023 1136 horrenda
1058 1098 1224 1136 facinora
1257 1104 1411 1149 aptum;
1454 1109 1564 1148 quam
1599 1100 1747 1146 paratos

182 1175 268 1199 suos
296 1161 433 1199 habeat
462 1162 650 1207 satellites,
675 1162 739 1213 qui
770 1168 891 1200 astute
915 1169 954 1201 et
978 1150 1147 1201 accurate
1170 1163 1270 1201 illius
1292 1163 1486 1214 imperium
1505 1165 1746 1211 exequantur,

181 1240 257 1265 non
279 1240 370 1278 opus
397 1231 453 1263 est
476 1232 518 1264 ut
541 1227 728 1266 disseram.
786 1228 881 1274 Quis
912 1229 1011 1265 enim
1040 1228 1202 1278 ignorat,
1228 1228 1290 1279 qui
1317 1228 1372 1265 vel
1392 1242 1415 1265 a
1438 1226 1565 1264 limine
1589 1225 1748 1262 salutare

183 1291 321 1330 Christi
346 1292 579 1341 evangelium
605 1293 849 1330 salutaverit?
905 1293 1028 1338 Certe,
1054 1298 1155 1330 certo
1182 1292 1272 1338 scio,
1299 1305 1376 1337 vos,
1396 1291 1537 1336 fratres,
1562 1303 1639 1328 non
1664 1289 1748 1327 dico

182 1362 303 1395 vestro
330 1356 441 1401 malo,
473 1357 537 1394 scd
567 1370 712 1395 summo
741 1363 863 1395 vestro
893 1364 930 1395 et
958 1358 1073 1395 totius
1106 1357 1274 1395 ecclesiae
1309 1355 1562 1401 incommodo,
1596 1354 1750 1392 edoctos

184 1420 367 1465 didicisse,
386 1425 478 1470 quot
501 1426 539 1457 et
563 1427 720 1472 quantos
747 1422 962 1459 excitaverit
987 1421 1180 1467 hactenus,
1208 1427 1245 1458 et
1270 1420 1433 1471 quotidie
1458 1419 1610 1465 excitat,
1637 1418 1750 1455 Satan

185 1485 321 1531 Davos,
352 1485 414 1535 qui
445 1485 572 1523 onmia
603 1486 862 1532 interturbent,
894 1492 931 1524 et
960 1486 1123 1524 maxime
1155 1485 1324 1523 ecclesiae
1352 1497 1485 1535 pacem
1515 1483 1750 1521 labefactent.

185 1549 363 1588 Immanis
381 1550 443 1587 illa
461 1550 592 1596 bestia,
612 1556 750 1601 quanta
768 1556 893 1601 potest
911 1550 1116 1596 ferocitate,
1136 1550 1279 1588 invadit
1296 1549 1393 1587 ovile
1412 1548 1574 1587 Christi:
1595 1560 1749 1599 gregem

186 1614 425 1652 Dominicum
450 1614 639 1666 dissipare,
664 1615 742 1652 imo
768 1615 955 1660 dilaniare,
979 1615 1240 1653 infestissimus
1265 1614 1371 1665 lupus
1396 1613 1558 1664 cogitat:
1587 1613 1749 1650 violenta

184 1678 384 1716 frendentis
415 1679 532 1717 leonis
564 1680 599 1717 vi
634 1685 797 1730 raptatur
828 1679 972 1717 misella
1008 1680 1162 1717 ovicula.
1219 1679 1321 1724 Quid
1347 1678 1489 1716 facias?
1545 1677 1750 1715 Obfirmata

183 1742 256 1780 fide
283 1743 415 1780 bestiae
448 1749 503 1780 est
531 1743 790 1789 resistendum,
812 1743 968 1781 assiduis
997 1743 1167 1794 precibus
1194 1742 1424 1793 implorando
1449 1742 1703 1779 defensionem
1729 1754 1751 1778 a

185 1819 328 1844 summo
348 1807 515 1854 Pastore,
535 1808 626 1845 Jesu
654 1807 829 1846 Christo:
857 1808 1054 1858 patefactis
1077 1813 1115 1845 et
1134 1807 1288 1845 detectis
1308 1807 1383 1857 lupi
1401 1806 1748 1851 machinationibus,

187 1870 390 1921 abigendus
427 1877 484 1908 est
515 1872 646 1910 baculo
683 1878 872 1922 pastorum
909 1878 946 1909 et
982 1872 1117 1909 latratu
1149 1884 1306 1910 canum:
1354 1870 1529 1908 stolidum
1562 1883 1672 1921 pecus
1703 1883 1751 1908 ex

186 1935 387 1985 unguibus,
413 1942 611 1986 antequam
636 1936 755 1973 leonis
779 1935 951 1973 dentibus
977 1936 1184 1982 dilanietur,
1205 1935 1434 1986 eripiendum
1456 1941 1524 1981 est,
1544 1941 1593 1981 et,
1620 1935 1651 1972 si
1674 1934 1753 1971 fieri

185 2005 321 2050 potest,
352 2000 397 2037 ad
430 2001 552 2037 caulas
580 2000 840 2038 reducendum.
905 1999 1021 2051 Atqui
1057 2000 1117 2038 hic
1156 1999 1355 2052 (quantum
1391 2014 1438 2037 ex
1470 1999 1600 2037 vestris
1635 1999 1752 2037 literis

187 2062 377 2114 intelligo)
408 2063 501 2101 nihil
532 2063 733 2115 reliquistis
760 2064 1006 2109 intentatum:
1046 2077 1194 2102 omnem
1226 2077 1351 2102 curam
1379 2070 1417 2101 et
1448 2063 1676 2113 diligentiam
1706 2063 1753 2100 ad

185 2126 284 2165 haud
314 2128 449 2165 bonum
488 2128 590 2166 illum
622 2130 793 2180 Bonamy
827 2129 1121 2167 conservandum
1150 2128 1389 2167 adhibuistis:
1433 2129 1532 2179 quod
1564 2134 1620 2166 est
1652 2128 1751 2166 fidis-

187 2193 363 2230 simorum
395 2193 557 2231 officium
590 2199 788 2244 pastorum,
820 2193 926 2230 istius
954 2194 1204 2239 insolentiam,
1236 2194 1455 2244 superbiam,
1483 2193 1753 2231 contumaciam

188 2256 462 2308 quibuscunque
488 2257 623 2295 licebat
645 2257 850 2296 rationibus
876 2257 1054 2303 emollire,
1079 2258 1316 2309 supprimere,
1333 2258 1541 2304 retundere,
1567 2263 1753 2296 strenuam

187 2321 349 2358 navastis
380 2334 556 2372 operam;
604 2328 642 2359 et
678 2336 762 2360 cum
796 2322 894 2373 quod
926 2323 1045 2360 velitis
1081 2323 1224 2362 efficere
1256 2337 1331 2361 non
1365 2323 1528 2374 possitis,
1560 2336 1621 2361 me
1652 2324 1753 2373 adju-

187 2392 305 2423 torem
338 2385 415 2423 dari
452 2387 657 2437 postulatis.
714 2387 773 2425 Ne
807 2387 997 2432 dubitetis,
1030 2387 1173 2433 fratres,
1204 2388 1292 2439 quin
1328 2389 1448 2439 plures
1478 2387 1639 2425 habituri
1674 2388 1755 2425 sitis

188 2450 394 2499 adjutores3
437 2456 474 2488 et
503 2465 561 2489 me
590 2452 724 2502 ipsum,
751 2457 931 2501 quantum
956 2465 1119 2501 possum,
1149 2453 1195 2489 ad
1220 2452 1317 2490 hanc
1341 2465 1418 2490 rem
1448 2453 1654 2503 adjutorem
1678 2452 1755 2490 fore

187 2513 363 2564 profiteor
394 2515 678 2565 paratissimum.
734 2516 849 2566 Spero
878 2529 939 2553 me
970 2529 1052 2553 eam
1081 2517 1262 2554 rationem
1294 2517 1484 2563 initurum,
1514 2530 1587 2568 qua
1618 2517 1755 2554 sentiet

187 2578 300 2614 falsus
332 2578 393 2615 ille
423 2578 534 2617 frater
567 2579 616 2631 (si
648 2586 773 2617 tamen
803 2580 915 2618 frater
950 2581 999 2618 sit
1031 2580 1226 2633 dicendus)
1260 2582 1349 2633 quid
1381 2582 1431 2620 sit
1461 2594 1645 2619 summum
1677 2583 1754 2620 ani-

189 2655 330 2679 marum
355 2643 547 2681 Pastorem
571 2643 763 2681 Christum
790 2644 812 2681 J
817 2658 919 2682 esum
945 2658 1156 2695 provocare,
1183 2646 1377 2684 ecclesiam
1408 2647 1481 2684 Dei
1504 2651 1755 2691 contemnere,

191 2711 228 2742 et
254 2713 525 2745 sacrosanctam
554 2708 787 2758 disciplinam
814 2709 1012 2755 ludificare,
1041 2710 1117 2747 imo
1144 2711 1366 2760 proculcare.

269 2769 426 2808 Consilii
463 2777 587 2809 autem
620 2773 693 2810 mei
729 2773 909 2811 rationem
946 2774 1099 2824 exposui
1135 2775 1323 2813 communi
1358 2774 1548 2826 utriusque
1587 2780 1754 2813 nostrum

191 2834 309 2871 amico
332 2841 369 2871 et
394 2835 496 2872 fratri
522 2836 561 2872 in
588 2835 752 2882 Christo,
773 2836 865 2874 mihi
894 2850 1127 2888 summopere
1154 2839 1302 2884 dilecto,
1325 2839 1373 2876 D.
1401 2838 1602 2889 Leighton‚
1621 2839 1754 2876 insulae

193 2897 380 2946 praefecto.
436 2899 548 2945 Quod
565 2900 747 2951 reliquum
765 2906 833 2945 est,
855 2901 995 2949 fratres,
1015 2916 1108 2953 rogo
1127 2916 1194 2941 vos
1214 2903 1531 2949 συναγωνίσασθαί
1546 2919 1607 2948 μοι
1626 2903 1758 2941 vestris

194 2974 260 3009 pro
290 2975 348 3000 mc
378 2964 473 3012 apud
506 2963 628 3001 Deum
661 2965 945 3015 precationibus.
1002 2967 1086 3015 Ego
1121 2979 1221 3011 vem,
1251 2967 1323 3005 nisi
1355 2968 1429 3006 mei
1460 2967 1574 3017 ipsius
1608 2967 1755 3011 oblitus,
