1845 3233
72 133 219 189 xima]
295 147 499 174 JOHANNES
532 145 818 173 PARKHURSTUS
852 145 906 170 An
933 142 1073 169 JOSIAM
1106 140 1323 174 SIMLERUM,
1358 124 1433 166 810.
1577 123 1628 164 65

72 261 245 299 eomitiis.
301 261 461 299 Tantum
491 261 582 298 mihi
606 261 777 311 displicet
802 260 877 297 vita
898 257 1104 308 Anglorum
1131 254 1326 305 evangelio
1353 266 1428 291 non
1458 263 1632 289 consona.

74 326 274 377 Nunquam
303 326 546 376 praedicatum
579 331 635 362 est
673 325 771 375 apud
802 337 871 361 nos
900 321 1133 371 evangelium
1163 325 1227 356 aut
1256 318 1430 356 sincerius
1461 321 1525 353 aut
1553 314 1633 351 dili-

74 390 233 439 gentius.
292 390 475 427 Dominus
506 389 621 427 donet
649 389 757 426 nobis
784 401 888 425 suum
919 386 1108 437 Spiritum,
1148 390 1189 420 ut
1225 396 1309 434 quae
1347 381 1503 433 Spiritus
1534 385 1632 420 sunt,

73 460 269 499 sectemur,
300 454 398 491 faeta
425 460 550 491 autem
581 453 700 491 carnis
728 450 1012 489 mortificemus!

153 519 301 569 Regina
323 525 450 556 nostra
468 519 567 556 brevi
591 518 797 555 Eboracum
817 515 1024 567 profectura
1043 519 1110 558 est,
1134 525 1207 563 quo
1235 512 1347 549 etiam
1375 524 1456 548 sese
1483 509 1634 560 recipiet

70 583 209 620 Scotiae
241 583 381 633 regina.
449 583 540 620 Ovis
576 583 613 619 in
649 582 803 619 Essexia
838 593 914 617 11011
948 580 1000 616 ita
1028 578 1171 629 pridem
1203 575 1364 627 prodidit
1395 574 1632 616 homicidam,

71 647 381 698 quemadmodum
414 647 513 684 corvi
551 647 589 683 in
630 646 814 683 Helvetia.
883 643 991 682 Unde
1027 642 1133 680 nobis
1165 641 1288 692 prodit
1322 639 1540 677 Tilmannus
1573 638 1634 675 ille

75 711 318 749 Hellhusius?
372 711 556 749 Fortassis
590 724 609 747 0
643 710 754 747 (101110
785 708 966 751 infernali,
998 707 1094 745 unde
1127 719 1264 743 nomen
1298 704 1447 742 sortitus
1479 703 1633 740 videtur.

72 775 200 813 Laudo
218 775 394 827 populum
415 774 626 819 Rheticum,
647 774 745 825 quod
767 773 1020 811 antichristum
1039 785 1115 809 11011
1133 775 1341 821 agnoscunt
1358 781 1461 806 suum
1481 773 1632 818 patrem.

71 840 128 877 De
157 840 328 891 operibus
352 839 622 888 OEcolampadii
644 839 800 876 scribam
827 838 874 875 ad
900 836 1201 875 Froschoverum.
1257 835 1431 873 Vestrum
1456 832 1524 869 crit
1546 844 1631 882 quae

73 905 296 942 Germanica
320 910 405 941 sunt
427 903 629 941 Latinitate
653 903 812 946 donare3
843 900 1155 952 quemadmodum
1173 906 1225 944 tu,
1243 899 1293 935 mi
1316 898 1338 935 J
1343 899 1433 941 osia,
1459 896 1631 946 superiori

73 982 172 1006 anno
195 969 329 1012 fecisti,
360 968 424 1018 qui
452 967 561 1004 libros
588 966 792 1015 Bullingeri
819 972 949 1003 contra
977 964 1225 1015 anabaptistas
1250 969 1287 1000 et
1315 961 1488 1000 articulos
1517 960 1632 997 Bava-

71 1033 167 1070 ricos
187 1033 340 1070 Latinos
365 1032 559 1070 reddidisti
581 1031 619 1068 in
641 1044 819 1081 magnum
842 1030 1091 1067 studiosorum
1117 1028 1282 1065 omnium
1308 1026 1556 1064 commodum.

150 1096 314 1134 Salutate
331 1109 416 1133 meo
434 1096 584 1133 nomine
599 1101 738 1133 vestras
756 1107 902 1139 uxores,
922 1094 1078 1131 feminas
1096 1091 1388 1135 honestissimas,
1409 1090 1634 1139 Zuinglium,

75 1160 303 1211 W'olphium,
344 1160 550 1204 Hallerum,
588 1159 791 1203 IVickium,
837 1158 1006 1202 Frisium,
1050 1157 1291 1199 Pellicanum,
1329 1154 1632 1198 Guldebeckium,

74 1239 203 1263 omnes
235 1225 470 1275 Bullingeros
499 1237 581 1261 eum
616 1223 788 1260 uxoribus
815 1222 994 1266 omnium,
1025 1221 1182 1271 denique
1210 1233 1337 1257 omnes
1366 1232 1470 1255 meos
1495 1217 1634 1255 amicos

75 1290 285 1340 Tigurinos.
341 1288 484 1332 Valetc,
511 1288 619 1325 amici
638 1286 877 1337 integerrimi,
901 1292 939 1323 et
962 1299 1033 1329 me,
1061 1285 1159 1335 quod
1182 1284 1315 1328 facitis,
1341 1296 1462 1320 amare
1479 1282 1633 1332 pergite.

75 1353 182 1392 Nihil
205 1354 251 1390 ad
272 1359 322 1395 te,
355 1352 545 1396 Lavatere,
574 1350 693 1388 adhue
717 1351 815 1395 misi,
843 1349 1020 1387 missurus
1044 1348 1213 1399 proxima
1233 1348 1378 1398 hyeme,
1407 1347 1437 1383 si
1465 1359 1541 1384 11011
1566 1345 1634 1382 hac

75 1423 219 1462 instate,
256 1417 338 1454 Deo
366 1417 526 1454 volente.
592 1415 735 1453 Valete.
771 1414 935 1465 Raptim.
976 1413 1212 1457 Ludhamiae,
1248 1415 1296 1448 ‘29
1334 1411 1484 1461 Aprilis,
1526 1412 1636 1447 1562.

76 1482 259 1519 Dominus
287 1494 418 1518 omnes
444 1479 642 1530 Tigurinos
669 1478 808 1516 servet!
866 1478 955 1515 Mea
981 1490 1047 1514 vos
1076 1490 1218 1514 onmes.

715 1543 849 1581 Vester
875 1547 1180 1592 quantuscunque
1206 1547 1273 1585 est,

857 1617 1144 1656 JOHANNES
1173 1616 1582 1660 PARKHURSTU&

386 1707 639 1734 mscmp'rm.
1055 1693 1352 1732 Nordovicensis.

128 1762 430 1798 szmanissimis
458 1762 552 1797 viris
578 1761 694 1797 Josiae.
725 1759 897 1803 Simlero,

332 1829 368 1862 et
396 1827 441 1863 L.
471 1826 676 1863 Lat-atero.

702 1878 846 1926 Tiguri.

580 2117 875 2161 EPISTOLA
916 2120 1134 2162 XLVIII.

156 2290 408 2323 JOHANNES
436 2290 783 2321 PARKHURSTUS
812 2292 878 2322 AD
910 2292 1163 2324 HENRICUM
1198 2293 1556 2327 BULLINGERUM.

159 2383 309 2427 SALVE,
348 2381 611 2420 humanissime
648 2383 875 2431 Bullingere.
939 2384 1089 2421 Librum
1130 2390 1231 2422 tuum
1275 2393 1401 2424 contra
1444 2388 1632 2427 Brentium

81 2447 203 2497 recepi
243 2450 289 2484 16
327 2446 442 2484 Maii:
486 2459 595 2497 quem
633 2447 796 2483 nondum
834 2447 930 2497 lcgi3
975 2447 1059 2485 dedi
1095 2449 1194 2486 enim
1226 2450 1437 2502 bibliopola}
1473 2455 1635 2504 compiu-

82 2512 257 2561 gendum.
327 2511 398 2547 Sed
434 2511 554 2561 legam
595 2511 690 2547 intra
731 2511 903 2560 pauculos
942 2510 1051 2549 hosce
1092 2513 1181 2557 dies,
1221 2516 1488 2565 quamprimum
1530 2521 1633 2556 remi-

81 2576 168 2612 serit
196 2575 396 2625 bibliopola
429 2575 724 2612 Nordovicensis.
783 2575 854 2613 Pro
883 2589 926 2612 eo
959 2589 1032 2625 ago
1059 2577 1195 2626 gratias
1222 2578 1400 2628 ingentes
1456 2582 1633 2629 Obsecro,

84 2646 122 2677 ut
149 2639 194 2676 ad
222 2652 282 2676 me
311 2652 454 2689 semper
480 2639 605 2676 mittas
634 2639 864 2676 doctissimas
888 2646 968 2677 tuas
996 2641 1286 2680 lucubrationes:
1321 2643 1412 2682 nihil
1436 2646 1528 2684 mihi
1552 2662 1633 2698 gra-

82 2703 155 2740 tius
183 2703 302 2740 facere
323 2703 472 2753 poteris.
520 2703 696 2746 &orac-us.
719 2703 830 2741 homo
855 2704 1035 2753 leguleius
1056 2712 1093 2742 et
1116 2706 1259 2756 papista
1285 2708 1633 2758 impudentissimus,

83 2767 119 2804 in
147 2768 312 2817 partibus
346 2767 497 2817 Anglize
531 2767 830 2811 occidentalibus,
860 2780 960 2805 more
992 2769 1110 2806 aulico
1136 2771 1301 2815 vestitus,
1336 2778 1393 2810 est
1423 2782 1562 2826 captus,
1597 2783 1636 2814 ut

83 2831 214 2868 audio:
262 2831 353 2868 nihil
387 2831 485 2868 enim
519 2836 651 2881 praeter
689 2831 849 2868 auditum
883 2831 1010 2869 habco.
1077 2833 1255 2872 Fabritius
1293 2838 1337 2872 15
1372 2837 1465 2876 Maii
1497 2840 1543 2876 ad
1575 2854 1634 2878 me

84 2895 195 2939 venit,
228 2908 337 2945 quem
369 2901 409 2932 ut
440 2895 659 2945 Tigurinum
691 2901 728 2932 et
757 2901 796 2932 ut
828 2896 1006 2946 meipsum
1040 2903 1168 2935 tracto.
1224 2899 1345 2938 Doleo
1372 2901 1473 2940 illum
1500 2904 1634 2942 diutius

84 2971 226 2996 mecum
252 2972 328 2996 non
354 2972 574 2996 mansurum.
631 2959 761 2997 Malim
793 2973 875 2997 eum
899 2961 1039 3012 aliquot
1064 2974 1222 3009 menses,
1251 2964 1326 3002 imo
1354 2966 1493 3017 aliquot
1519 2981 1634 3006 annos

197 3079 382 3136 [zumcu
416 3078 638 3134 mvrena]
1478 3047 1520 3070 Ἢ
