1845 3233
154 160 209 200 38
474 169 664 195 RH‘ARDL'S
699 167 820 193 COXL‘S
856 167 909 191 AD
944 165 1107 190 PETRUM
1136 164 1378 190 MARTYREM.
1571 148 1716 205 [EplsT.

647 360 943 404 EPISTOLA
976 359 1210 401 XXVIII.

382 515 1136 548 RstmRDUSCOXUSJUJPETRUM
1174 512 1470 544 MARTYREM.

230 605 313 641 D1U
343 609 410 647 est,
442 605 481 641 in
515 603 664 641 Christo
698 604 883 641 carissime
921 603 1042 648 Petrc,
1076 602 1174 653 quod
1209 601 1337 638 literas
1370 607 1453 638 tuas
1486 601 1717 651 acceperim,-

151 669 278 705 librum
304 674 437 713 autem,
465 681 573 718 quem
601 668 692 704 mihi
717 668 983 705 humanissime
1009 665 1205 711 dedicasti,
1230 665 1397 703 nondum
1424 665 1560 715 recepi.
1615 664 1718 702 Con-

152 733 239 783 tigit
266 733 472 782 nuperrime
504 732 613 769 amici
646 732 836 782 cujusdam
867 731 1028 769 libellum
1055 731 1278 780 inspectare,
1307 743 1417 780 quem
1450 729 1603 766 nomine
1631 742 1719 766 meo

151 797 359 846 evulgatum
387 797 466 846 ipse
494 796 673 833 intellexi.
730 796 934 833 Plurimum
963 795 1031 832 tibi
1052 807 1114 831 me
1140 794 1274 831 debere
1300 806 1469 844 agnosco
1489 794 1545 831 vel
1564 794 1603 830 in
1631 793 1717 835 1100,

150 861 248 910 quod
289 874 352 910 per
386 866 424 896 te
459 872 555 896 meae
593 859 808 897 obscuritati
844 858 983 909 aliquid
1020 858 1246 895 celebritatis
1283 858 1491 896 accesserit.
1566 857 1720 895 Etenim

150 924 275 973 magni
310 924 488 960 momenti
523 937 581 960 res
617 930 672 961 est
707 937 728 960 a
762 923 896 960 talibus
928 923 1029 967 viris,
1066 922 1274 959 eruditione
1311 928 1349 959 et
1383 922 1523 972 pietate
1559 922 1718 966 eximiis,

150 987 406 1025 commendari.
460 986 585 1038 Atque
601 988 743 1025 utinam
761 988 912 1024 tandem
930 987 1132 1038 aliquando
1149 992 1254 1023 tuam
1274 986 1573 1024 benevolentiam
1592 987 1718 1037 aliquo

151 1052 310 1088 officiolo
338 1052 515 1089 demereri
543 1053 720 1102 potuero!
781 1052 878 1090 Mihi
908 1065 986 1089 non
1012 1052 1145 1088 deero:
1183 1051 1362 1088 secundet
1390 1056 1480 1088 vota
1509 1050 1718 1088 Dominus!

152 1115 296 1153 Novam
325 1128 475 1153 uxorem
502 1116 569 1153 tibi
603 1116 791 1166 gratulor;
829 1128 1012 1167 speroque
1047 1121 1086 1152 et
1121 1128 1257 1152 novam
1290 1115 1432 1165 prolem
1461 1127 1571 1165 posse
1605 1115 1719 1152 etiam

152 1179 335 1228 gratulari.
389 1180 480 1216 Julii
505 1180 559 1216 tui
584 1193 733 1217 causam
752 1179 812 1218 1110
831 1180 960 1217 sedulo
986 1180 1145 1230 agimus,
1169 1186 1282 1230 atque
1307 1180 1346 1217 in
1367 1193 1411 1217 ea
1435 1180 1577 1231 aliquid
1595 1180 1722 1217 effeci-

151 1255 241 1279 mus.
316 1243 495 1280 Ricardus
528 1244 728 1289 Bruernus,
764 1245 937 1294 egregius
976 1245 1120 1282 Ebreus
1152 1244 1310 1290 scilicet,
1342 1250 1445 1282 tuam
1478 1245 1720 1294 praebendam

152 1306 327 1356 possidet.
381 1307 419 1343 Si
452 1307 575 1345 literas
607 1314 689 1345 tuas
724 1308 993 1358 procuratorias
1025 1309 1071 1345 ad
1099 1321 1170 1346 nos
1201 1308 1361 1354 miseris,
1398 1309 1437 1346 in
1467 1310 1720 1360 recuperanda

152 1370 350 1419 praebenda
375 1376 438 1408 tua
469 1372 607 1422 aliquid
638 1372 804 1410 fortassis
837 1373 876 1410 in
908 1386 986 1410 rem
1018 1378 1120 1410 tuam
1153 1373 1429 1423 praestabimus.

232 1434 330 1472 Dum
347 1433 429 1472 haee
448 1435 663 1481 scribebam,
682 1437 814 1474 allatus
840 1443 896 1474 est
922 1438 969 1475 ad
994 1450 1054 1475 me
1076 1438 1170 1475 liber
1187 1443 1285 1484 tuus,
1306 1438 1370 1488 qui
1393 1444 1521 1475 auctor
1538 1452 1578 1476 es
1600 1451 1719 1481 meus,

154 1499 213 1535 cui
232 1504 288 1535 est
306 1499 404 1535 dono
419 1499 538 1536 datus.
592 1501 650 1538 De
671 1501 777 1538 rebus
803 1501 941 1539 nostris
965 1502 1051 1552 quid
1075 1501 1266 1539 scribam?
1321 1503 1484 1540 Reddita
1503 1508 1590 1540 sunt
1610 1502 1721 1540 nobis

156 1562 227 1599 Dei
252 1562 431 1599 beneficio
456 1563 581 1600 omnia
599 1564 661 1601 illa
677 1565 867 1615 religionis
886 1566 1020 1617 capita,
1040 1579 1125 1616 quae
1150 1566 1198 1604 D.
1224 1567 1385 1605 Edvardi
1407 1573 1575 1617 tempore
1597 1567 1720 1604 tenui·

154 1638 247 1662 mus.
303 1626 463 1663 Tantum
487 1628 604 1665 crucis
626 1629 862 1680 crucifixique
886 1630 1089 1680 imaginem
1114 1631 1154 1668 in
1178 1631 1329 1681 templis
1352 1631 1510 1669 tolerare
1536 1631 1719 1681 cogimur,

155 1702 238 1726 cum
263 1701 401 1739 magno
429 1691 633 1728 animorum
662 1699 872 1731 nostrorum
901 1695 1078 1732 cruciatu.
1133 1695 1340 1746 Rogandus
1373 1701 1430 1733 est
1460 1696 1648 1733 Dominus
1678 1702 1720 1732 ut

155 1752 226 1789 hoc
257 1754 403 1790 demum
432 1756 641 1793 scandalum
673 1757 866 1795 auferatur.
934 1760 1031 1796 Galli
1064 1760 1219 1810 perfidia
1248 1765 1286 1796 et
1315 1760 1483 1805 ambitio,
1513 1760 1721 1811 instigante

155 1817 324 1854 ecclesia:
363 1818 591 1865 antichristo,
629 1821 734 1858 nobis
769 1823 965 1872 negotium
1000 1823 1182 1862 facessere
1219 1824 1430 1861 meditatur.
1501 1825 1722 1862 Sacerdotes

155 1880 324 1929 papistici
360 1883 456 1932 apud
490 1897 558 1921 nos
592 1898 658 1922 suo
690 1898 728 1922 se
760 1886 967 1924 ministerio
1003 1889 1141 1938 passim
1178 1889 1365 1933 abdicant,
1408 1901 1456 1925 ne
1488 1889 1641 1933 nostris,
1679 1895 1721 1926 ut

155 1944 271 1989 aiunt,
294 1944 495 1984 haeresibus
521 1949 699 1986 assentire
727 1957 919 1999 cogantur.
973 1951 1184 1990 Adversarii
1213 1959 1298 1990 sunt
1325 1952 1433 1989 multi
1470 1958 1508 1990 et
1533 1958 1719 2003 potentes,

156 2009 220 2045 sed
257 2009 425 2046 omnibus
457 2012 641 2060 potentior
671 2014 865 2052 Dominus.
933 2016 1048 2061 Scoti,
1079 2016 1190 2053 vicini
1219 2017 1353 2061 nostri,
1385 2018 1621 2068 evangelium
1654 2031 1720 2068 pro

156 2072 318 2109 maxima
346 2080 447 2122 parte
478 2076 747 2125 amplectuntur
776 2085 813 2116 et
843 2080 1077 2129 profitentur,
1109 2094 1185 2118 non
1217 2082 1296 2119 sine
1327 2082 1430 2132 gravi
1460 2095 1580 2127 cruce,
1610 2095 1720 2132 quam

158 2136 254 2172 Galli
276 2137 406 2185 injuria
429 2138 519 2176 ferre
542 2141 659 2178 adhuc
678 2149 872 2192 coguntur.
928 2144 1027 2182 Nam
1054 2146 1183 2183 Gallus
1207 2159 1272 2183 eos
1296 2146 1335 2183 in
1360 2146 1438 2183 dies
1463 2146 1640 2192 adoritur,
1668 2146 1721 2183 in-

155 2200 476 2251 ternecionemque
494 2203 565 2239 illis
584 2206 744 2251 molitur,
764 2208 895 2257 quibus
932 2209 1004 2245 nisi
1040 2209 1192 2247 aliunde
1221 2216 1465 2255 succurratur,
1495 2216 1533 2247 et
1568 2210 1614 2247 de
1649 2210 1720 2247 illis

156 2268 193 2299 et
220 2264 265 2300 de
295 2266 486 2315 evangelio
516 2269 612 2318 apud
644 2269 727 2307 illos
759 2272 858 2308 brevi
888 2279 1013 2310 actum
1047 2274 1127 2310 erit.
1185 2274 1342 2311 Interim
1373 2275 1519 2324 piorum
1550 2275 1722 2325 precibus

151 2328 302 2374 juvandi
333 2335 427 2367 sunt.
484 2331 668 2369 Salutabis
703 2348 787 2372 meo
817 2337 968 2374 nomine
1008 2351 1163 2375 uxorem
1198 2344 1314 2383 tuam,
1349 2339 1438 2376 licet
1469 2339 1653 2388 ignotam,
1685 2345 1724 2375 et

155 2390 305 2427 Julium.
362 2393 543 2432 Dominus
576 2396 686 2434 Jesus
719 2404 756 2435 te
789 2400 997 2438 diutissime
1022 2403 1133 2439 nobis
1160 2408 1282 2440 servet
1310 2403 1565 2440 incolumem!
1622 2402 1723 2440 Lon-

158 2453 246 2491 dini.

431 2534 500 2571 Tui
517 2536 804 2575 studiosissimus
823 2545 860 2576 et
880 2540 916 2577 in
937 2540 1088 2580 Christo
1106 2543 1218 2580 frater
1236 2543 1461 2588 carissimus,

1062 2618 1341 2658 RICARDUS
1371 2619 1566 2664 COXUS,

493 2689 754 2719 1NSCR1PT10,
1260 2684 1420 2722 ElienSiS
1450 2684 1670 2736 EpiSCOpUS-

262 2739 397 2776 Amico
413 2753 490 2777 mco
507 2745 745 2792 integerrimo
768 2748 816 2785 D.
834 2750 944 2788 Petro
961 2753 1148 2802 Martyri,

310 2805 451 2850 perlate
479 2819 523 2842 α(-
556 2809 730 2846 doctrina
757 2815 1000 2859 prseccllenti,
1031 2830 1150 2853 sacrce

317 2867 455 2911 linense
480 2874 585 2919 apud
614 2874 814 2921 Tigurinos
839 2880 1036 2928 interpreti
1051 2881 1154 2931 fide-

317 2930 391 2967 Iiss.
