1845 3233
70 127 215 185 xxun]
599 141 653 166 AD
688 139 852 166 PETRUM
885 138 1128 165 MARTYREM.
1599 124 1653 165 31

71 256 161 294 Ηο0
198 255 312 294 etiam
347 255 541 306 adscripsi,
576 255 767 305 Reginam
805 255 902 292 ultro
941 260 979 292 et
1018 254 1152 305 cupide
1184 253 1323 303 legisse
1359 252 1571 303 epistolam,
1619 258 1658 290 et

70 334 164 371 opus
199 320 336 371 ipsum,
369 326 480 370 atque
517 319 556 356 in
587 320 800 357 universum
837 319 1045 356 doctrinam
1077 324 1189 368 atque
1225 317 1420 368 ingenium
1452 323 1556 354 tuum
1587 317 1658 354 mi-

69 384 172 422 rifice
202 384 452 434 prae<lieasse3
483 384 688 434 librumque
721 385 826 421 illum
858 390 963 421 tuum
1001 383 1048 421 ab
1084 383 1256 420 onmibus
1288 382 1399 419 bonis
1432 382 1529 419 tanti
1564 381 1656 426 fieri,

71 449 199 498 quanti
227 447 327 485 haud
359 448 438 485 scio
469 461 517 485 an
548 449 649 485 aliud
680 449 877 499 quicquam
907 449 947 485 in
976 447 1048 485 hoc
1085 460 1236 497 genere.
1290 446 1397 484 Nihil
1428 453 1552 484 autem
1587 446 1658 484 tibi

71 512 254 550 hactenus
290 512 470 549 donatum
509 526 605 558 esse,
649 512 709 550 hei
746 512 852 558 mihi,
891 513 981 563 quid
1017 525 1091 562 ego
1128 510 1281 549 dicam?
1319 511 1434 561 pudet
1469 524 1543 555 me,
1586 523 1658 548 nec

71 576 150 614 scio
186 576 275 627 quid
305 577 564 627 respondeam.
621 577 765 614 Tamen
799 577 949 626 Regina
985 576 1112 613 sedulo
1148 576 1340 613 sciscitata
1375 581 1434 613 est
1468 575 1657 620 nuntium,

71 641 159 692 quid
181 654 326 691 ageres,
353 642 416 678 ubi
439 642 595 686 viveres,
624 655 697 692 qua
720 641 946 685 valetudine,
974 654 1048 691 qua
1071 640 1289 678 conditione
1318 652 1432 685 esses,
1458 653 1505 676 an
1531 652 1660 691 posses

72 718 137 756 per
166 711 319 743 aetatem
349 705 420 759 iter
447 706 578 743 facere.
636 706 804 743 Omnino
833 705 927 742 velle
961 718 999 742 se
1026 705 1199 742 omnibus
1223 703 1344 741 modis
1369 709 1407 741 tc
1438 703 1587 741 invitari
1617 704 1658 741 in

72 768 266 819 Angliam,
302 775 342 806 ut
373 770 434 820 qui
471 777 536 807 tua
570 783 661 807 voce
693 769 872 807 coluisses
904 769 1150 813 academiam,
1185 768 1342 806 eandem
1375 782 1474 806 nunc
1501 767 1658 818 dissipa-

71 841 150 871 tam
187 840 225 872 et
261 834 395 872 misere
432 834 599 872 habitam
633 834 764 871 cadem
800 847 890 872 voce
926 834 1112 884 irrigares.
1181 833 1316 870 Postea
1354 838 1494 877 tamen,
1529 832 1657 870 neseio

72 912 146 949 quo
183 905 307 948 paeto,
343 899 630 936 deliberationes
664 899 864 936 Saxonicae
901 905 939 935 et
973 898 1183 947 legationes
1210 897 1426 947 Segulianae
1465 897 1536 934 ista
1567 910 1658 934 eon-

73 963 157 1000 silia
182 970 427 1013 peremerunt.
484 963 627 1000 Tamen
652 963 826 1013 quidquid
855 969 924 1007 est,
956 962 1050 999 nihil
1078 968 1134 998 est
1166 961 1237 999 hoc
1266 967 1432 1012 tempore
1464 961 1658 1006 celebrius,

73 1041 185 1078 quam
221 1028 372 1065 Petrum
404 1027 610 1077 Martyrcm
643 1027 807 1071 invitari,
843 1032 882 1063 ct
912 1026 1126 1076 propediem
1159 1032 1355 1063 venturum
1390 1038 1471 1063 esse
1507 1025 1545 1062 in
1578 1025 1660 1063 An-

73 1092 199 1142 gliam.
242 1091 276 1130 O
297 1092 441 1129 utinam
459 1105 518 1129 res
536 1097 677 1129 nostrae
698 1090 896 1140 aliqnando
915 1090 1157 1127 stabilitatem
1176 1090 1337 1140 aliquam
1360 1096 1398 1127 et
1422 1090 1534 1127 robur
1557 1102 1659 1127 asse-

75 1157 260 1206 quantur!
318 1156 441 1207 Cupio
479 1155 593 1200 enim,
625 1155 677 1192 mi
708 1161 827 1204 pater,
864 1160 901 1191 te
928 1154 1065 1199 videre,
1099 1160 1137 1192 et
1167 1155 1396 1192 suavissimis
1426 1154 1659 1191 sermonibus

74 1227 112 1257 et
143 1221 380 1258 amicissimis
406 1220 571 1257 consiliis
600 1220 673 1256 tuis
697 1219 780 1257 frui.
839 1219 965 1264 Quem
987 1231 1059 1269 ego
1088 1219 1188 1256 diem
1212 1219 1242 1256 si
1268 1220 1408 1262 videro,
1439 1219 1496 1256 vel
1520 1218 1660 1269 potius,

75 1285 129 1321 uti
158 1298 278 1335 spero,
312 1285 374 1322 ubi
406 1284 546 1329 videro,
576 1297 666 1334 quas
705 1282 987 1321 Samarobrivas
1020 1288 1084 1320 aut
1121 1283 1349 1321 Sarisburias
1382 1296 1458 1320 non
1491 1289 1658 1321 contem-

75 1350 193 1386 nam?
248 1349 351 1393 Vale,
383 1349 489 1386 dulce
516 1349 627 1385 decus
652 1361 790 1393 meum,
817 1354 928 1398 atque
958 1350 1080 1384 animi
1102 1348 1313 1397 plusquam
1343 1349 1546 1384 dimidium
1573 1351 1658 1386 mei.

75 1413 203 1450 Saluta
236 1426 390 1450 uxorem
420 1419 536 1457 tuam,
566 1412 749 1462 optimam
774 1411 981 1455 mulierem,
1013 1424 1099 1449 meo
1128 1412 1293 1450 nomine.
1352 1412 1456 1449 Deus
1482 1412 1589 1456 faxit,
1618 1418 1660 1449 ut

73 1477 232 1515 feliciter
258 1479 391 1528 pariat,
418 1483 456 1514 et
476 1478 643 1526 pulchra
658 1477 794 1526 saciat
826 1479 861 1512 te
882 1478 994 1525 prole
1022 1480 1236 1525 parentem.
1291 1476 1418 1514 Saluta
1445 1476 1492 1513 D.
1514 1476 1661 1514 Bullin-

75 1555 218 1592 gerum,
250 1542 297 1579 D.
332 1541 560 1586 Gualterum‚
595 1541 640 1578 D.
673 1540 912 1586 Lavaterum,
947 1540 995 1577 D.
1031 1540 1241 1585 Simlerum,
1273 1541 1322 1578 D.
1358 1542 1576 1585 Gesnerum,
1608 1541 1659 1578 D.

74 1606 246 1652 Frisium,
266 1606 317 1643 D.
341 1606 589 1650 Hermanum,
615 1611 718 1642 tuum
745 1617 944 1654 meumque
968 1604 1124 1650 Julium,
1149 1605 1303 1650 ι1111111111,
1331 1611 1369 1642 et
1394 1605 1659 1655 Martyrillum.

74 1671 204 1709 Nostri
231 1683 361 1708 omnes
388 1676 426 1708 te
456 1671 628 1707 salutant.
687 1668 866 1714 Londini,
890 1672 911 1705 5
932 1669 1119 1707 Novemb.
1145 1671 1258 1705 1559.

611 1741 713 1778 Tuus
739 1754 786 1777 ex
814 1741 941 1777 animo
972 1746 1133 1790 quantus
1163 1745 1337 1790 quantus,

390 1817 646 1844 1NSCR1PT10.
1221 1804 1296 1842 JO.
1324 1804 1576 1844 JUELLUS.

182 1872 411 1908 Doctlssimo
441 1874 552 1919 atque
578 1872 826 1906 ornatissimo
858 1871 954 1914 viro,

233 1935 282 1972 D.
314 1934 429 1971 Petro
458 1936 646 1982 Illarlyrz'‚
668 1935 870 1984 profitenti
901 1946 960 1970 sa-

236 2013 323 2036 cras
352 2000 483 2035 literas
509 2000 549 2035 ιἰι
578 1999 710 2035 schola
746 1999 953 2046 Tigurina,

236 2065 390 2101 domino
421 2076 488 2100 suo
520 2063 789 2099 colendissimo.

672 2126 819 2175 Tiguri.

612 2299 911 2342 EPISTOLA
944 2299 1128 2342 XXIV.

298 2464 553 2496 JOHANNES
582 2464 795 2495 JUELLUS
823 2465 892 2495 AD
923 2463 1126 2495 PETRUM
1157 2460 1455 2492 MARTYREM.

159 2541 197 2579 S.
220 2541 291 2578 PL.
312 2542 392 2579 Etsi
413 2547 499 2578 ante
518 2554 591 2578 non
619 2541 672 2578 ita
696 2541 834 2578 multos
857 2540 935 2577 dies
964 2541 1010 2577 ad
1030 2546 1066 2577 te
1094 2538 1317 2589 scripserim,
1340 2542 1378 2573 et
1401 2535 1473 2572 1100
1493 2541 1661 2586 tempore

78 2606 172 2643 nihil
196 2606 257 2643 1110
285 2606 332 2643 sit
359 2606 459 2656 quod
486 2611 525 2642 tu
552 2618 783 2655 magnopere
805 2605 899 2642 scire
924 2604 1027 2648 velis,
1055 2610 1194 2647 tamen,
1225 2601 1400 2652 quoniam
1425 2606 1462 2637 te
1489 2599 1542 2636 ita
1568 2601 1662 2638 velle

78 2685 155 2709 non
183 2671 325 2714 dubito,
350 2671 440 2707 illud
467 2670 585 2720 ipsum
612 2669 704 2706 nihil
724 2669 823 2706 malo
851 2669 1023 2709 scribere,
1053 2680 1162 2718 quam
1190 2667 1300 2703 istum
1334 2664 1520 2708 nuntium,
1551 2678 1660 2715 quem

78 2737 174 2774 forte
207 2736 393 2773 audieram
421 2735 514 2772 velle
541 2733 743 2771 Coloniam
774 2733 973 2784 proficisci,
1008 2733 1159 2769 inanem
1189 2745 1207 2768 a
1243 2744 1304 2767 me
1334 2729 1536 2766 dimittere.

160 2801 309 2851 Religio
343 2800 441 2851 apud
470 2813 540 2836 nos
570 2812 615 2835 eo
645 2799 729 2835 1000
758 2805 827 2842 cst,
857 2811 931 2848 quo
955 2797 1032 2846 jam
1064 2802 1173 2833 antea
1203 2795 1249 2832 ad
1279 2801 1317 2831 te
1351 2793 1481 2844 scripsi
1513 2793 1662 2843 saepius.

81 2866 220 2904 Omnia
266 2866 448 2902 docentur
486 2864 621 2913 ubique
659 2862 868 2912 purissime.
946 2861 989 2898 In
1029 2859 1252 2898 ceremoniis
1295 2864 1332 2896 et
1376 2858 1484 2895 larvis
1522 2857 1662 2908 passim

78 2931 283 2981 plusculum
311 2929 502 2980 ineptitur.
560 2927 721 2965 Crucula
746 2926 809 2964 illa
836 2925 1055 2977 argenteola
1082 2924 1178 2962 male
1204 2930 1305 2969 nata,
1332 2923 1427 2960 male
1456 2921 1662 2972 auspicata,
