1845 3233
126 125 207 182 nu]
656 145 710 170 An
742 145 906 172 PETRUM
939 147 1181 175 MARTYREM.
1674 138 1701 184 '7

126 257 282 303 Julium‚
311 258 462 305 Juliam,
496 260 760 311 Martyrillum,
791 262 839 300 D.
867 262 1143 310 Hermannum,
1175 271 1214 302 et
1241 271 1474 303 convictores
1501 272 1585 304 tuos
1612 268 1683 305 Tre

124 321 306 360 vieenses.
365 322 507 361 Omnes
532 325 651 362 nostri
677 331 714 363 te
743 327 917 365 salutant.
974 328 1138 366 Londini
1167 332 1228 367 20.
1260 330 1401 376 Martii,
1433 333 1544 368 1559.

1165 415 1239 453 JO.
1267 416 1520 462 JUELLUS,
1547 422 1644 454 tuus.

126 517 168 555 P.
191 518 227 555 S.
283 518 376 556 Istue
405 525 489 556 sunt
519 520 664 570 primae,
698 536 790 572 quas
822 523 868 559 ad
897 528 934 560 te
968 524 1101 569 scribo,
1134 538 1178 561 ex
1212 538 1285 576 quo
1315 526 1406 563 redii
1435 526 1473 564 in
1506 526 1695 576 Angliam.

281 582 342 620 Ita
380 583 537 634 posthac
577 586 800 623 subscribam
843 600 987 631 omnes,
1032 593 1070 624 ut
1109 588 1199 626 scire
1242 590 1377 640 possis,
1415 590 1446 627 si
1483 603 1567 640 quae
1603 590 1695 627 forte

279 647 546 685 interciderint.

460 761 722 789 INSCRIP'MO.

198 820 429 857 Dos-tissimo
457 823 536 857 riro
561 822 609 858 D.
632 823 746 859 Petro
773 823 951 871 le'arz‘yri
975 824 1167 868 Vermilio,

273 885 481 934 professori
506 899 624 922 sacrm
650 887 846 935 theologice
868 889 909 923 z'n
933 889 1084 925 eea-lesia
1105 889 1169 925 Ti-

275 951 437 997 gur-ina,
457 951 611 987 domino
629 964 695 987 suo
712 953 986 990 colendissimo.

1157 1006 1301 1055 Tiguri.

701 1217 1002 1260 EPISTOLA
1047 1220 1101 1261 V.

325 1386 582 1418 JOHANNES
610 1389 820 1421 JUELLUS
851 1391 919 1422 AD
950 1391 1150 1422 PETRUM
1179 1389 1472 1421 MARTYREM.

190 1471 226 1508 S.
250 1472 291 1509 P.
348 1472 413 1510 Dr:
442 1474 516 1515 illis
545 1475 858 1525 disputationibus
884 1476 1066 1514 internos
1095 1483 1133 1514 et
1160 1477 1367 1527 episcopos,
1395 1489 1486 1526 quas
1506 1476 1686 1526 proximis

109 1536 227 1574 literis
244 1537 373 1588 scripsi
390 1538 552 1576 indictas
569 1538 682 1576 fuisse
702 1540 741 1576 in
757 1545 845 1577 ante
865 1540 1039 1578 calendas
1057 1540 1210 1591 Aprilis,
1225 1542 1313 1592 quid
1331 1541 1468 1578 factum
1481 1540 1541 1584 sit,
1561 1540 1686 1590 paucis

108 1603 260 1654 aecipe3
289 1602 343 1640 sic
369 1603 469 1640 enim
493 1603 615 1641 visum
633 1610 691 1640 est
709 1604 927 1641 continuare
946 1605 1152 1642 orationem
1172 1606 1251 1642 sine
1270 1605 1464 1656 prooemio.
1520 1605 1683 1642 Primum

110 1682 214 1719 crgo,
244 1675 286 1706 ut
310 1668 434 1706 omnis
459 1662 572 1705 causa
594 1668 804 1718 jurgiorum
825 1674 864 1705 et
883 1669 1019 1707 otiosae
1039 1670 1293 1708 contentionis
1313 1669 1516 1714 tolleretur,
1535 1675 1684 1706 senatus

107 1733 281 1778 decrevit,
313 1739 354 1770 ut
382 1733 509 1770 omnia
537 1733 709 1783 utrmque
738 1733 784 1770 de
816 1734 954 1784 scripto
986 1734 1207 1784 legerentur,
1241 1739 1280 1771 et
1307 1733 1362 1771 ita
1388 1733 1683 1771 describerentur

106 1803 288 1849 tempora,
311 1803 354 1834 ut
371 1797 492 1848 primo
511 1797 570 1834 die
598 1798 824 1835 assertiones
849 1804 998 1836 tantum
1017 1799 1193 1849 utrinque
1217 1798 1330 1836 nudae
1359 1804 1677 1849 proponerentur3

106 1863 279 1914 proximo
297 1868 422 1899 autem
444 1867 632 1899 conventu
650 1868 692 1899 ut
709 1876 778 1900 nos
801 1863 873 1900 11115
897 1864 1218 1914 105Ροη(101·0111115,
1247 1869 1286 1900 et
1303 1863 1357 1900 illi
1374 1863 1539 1900 vicissim
1557 1863 1678 1900 nobis.

108 1928 231 1965 Pridie
251 1939 343 1977 ergo
369 1926 436 1964 cal.
458 1926 577 1976 April.
602 1939 686 1964 cum
704 1940 844 1978 magna
862 1928 1156 1979 exspectatione,
1185 1928 1318 1978 majori
1336 1927 1445 1965 credo
1462 1926 1679 1977 frequentia,

105 1991 410 2029 convenissemus
433 1989 784 2035 lVestmonasterih
827 1991 1006 2042 episcopi,
1039 2005 1106 2042 pro
1139 2005 1206 2029 sua
1236 1992 1322 2037 fide,
1361 2005 1430 2029 1100
1458 1991 1583 2041 scripti
1611 2006 1679 2029 nce

104 2055 196 2107 picti
215 2055 411 2105 quicquam
437 2055 652 2100 attulerunt,
682 2056 782 2106 quod
807 2055 983 2101 dicerent,
1010 2069 1050 2093 se
1078 2069 1155 2093 non
1185 2056 1274 2093 satis
1302 2056 1479 2106 temporis
1507 2055 1677 2094 habuisse

103 2121 152 2157 ad
169 2133 227 2157 res
245 2125 369 2156 tantas
387 2119 632 2169 cogitandas:
663 2132 747 2157 eum
771 2126 897 2157 tamen
921 2120 1140 2157 habuissent
1166 2120 1248 2170 plus
1277 2120 1401 2157 minus
1428 2120 1558 2157 decem
1583 2120 1673 2164 dies,

103 2191 142 2222 et
161 2185 303 2221 interea
327 2183 452 2234 copias
470 2183 667 2220 auxiliares
686 2183 840 2221 oxonio
858 2190 895 2221 et
925 2183 1172 2234 Cantabrigia
1191 2190 1230 2221 et
1253 2184 1416 2234 undique
1436 2197 1483 2221 ex
1503 2184 1676 2221 omnibus.

101 2248 249 2299 angulis
275 2247 563 2285 contraxissent.
617 2247 760 2284 Tamen
791 2260 840 2284 ne
868 2254 928 2285 tot
952 2248 1022 2284 viri
1044 2247 1257 2286 viderentur
1286 2248 1420 2286 frustra
1444 2248 1674 2293 convenisse,

104 2313 154 2350 D.
171 2312 287 2350 Colus
307 2312 526 2349 subornatus
544 2311 590 2348 ab
607 2311 688 2348 aliis
706 2311 808 2349 venit
826 2311 864 2348 in
884 2311 1062 2356 medium,
1078 2312 1142 2362 qui
1161 2313 1205 2350 de
1224 2312 1342 2362 prima
1361 2313 1582 2362 quaestione,
1604 2312 1674 2349 hoc

101 2383 171 2422 est,
198 2376 244 2413 de
264 2376 461 2427 peregrina
476 2376 619 2426 lingua,
639 2388 733 2412 unus
757 2375 924 2413 omnitun
945 2376 1099 2413 nomine
1117 2381 1317 2426 peroraret.
1375 2376 1443 2413 Ille
1461 2389 1562 2421 vero,
1588 2389 1674 2414 cum

100 2441 275 2479 omnibus
293 2453 364 2478 nos
380 2440 618 2477 contumeliis
637 2445 675 2477 et
696 2439 870 2477 convitiis
896 2439 1163 2490 indignissime
1193 2440 1414 2490 excepisset,
1447 2446 1485 2478 ct
1505 2441 1673 2479 omnium

96 2506 326 2544 seditionum
346 2510 514 2542 auctores
534 2510 572 2540 et
590 2504 692 2541 faces
710 2503 944 2555 appellasset,
960 2511 998 2541 et
1020 2504 1259 2554 supplosione
1273 2505 1422 2555 pedum,
1442 2504 1674 2555 projectione

98 2570 346 2615 brachiorum,
372 2569 576 2606 inflexione
598 2569 767 2614 laterum,
791 2568 936 2619 crepitu
957 2568 1173 2619 digitorum,
1202 2569 1314 2606 modo
1333 2569 1541 2620 dejectione
1560 2569 1672 2606 modo

98 2635 306 2672 sublatione
336 2634 629 2685 superciliorum,
654 2633 773 2686 (nosti
793 2633 893 2670 enim
918 2632 1081 2670 hominis
1098 2633 1242 2671 vultum
1259 2639 1298 2671 et
1314 2632 1571 2684 modestiann)
1593 2647 1672 2671 sese

96 2712 228 2737 omnes
254 2699 293 2736 in
317 2705 443 2749 partes
466 2705 504 2736 et
527 2699 663 2736 formas
686 2698 940 2743 convertisset,
972 2697 1044 2735 11110
1074 2704 1264 2749 postremo
1289 2699 1418 2745 evasit,
1448 2704 1489 2736 ut
1518 2699 1669 2742 diceret,

95 2763 277 2813 Angliam
306 2771 393 2800 ante
422 2764 523 2800 mille
555 2769 745 2800 trecentos
772 2776 892 2800 annos
918 2763 1105 2814 recepisse
1137 2763 1384 2813 evangelium.
1442 2763 1493 2801 Et
1519 2763 1667 2813 quibus,

95 2827 231 2878 inquit,
251 2827 378 2872 literis,
399 2829 531 2878 quibus
550 2828 756 2872 annalibus,
776 2827 910 2878 quibus
928 2827 1184 2865 monumentis
1203 2833 1374 2865 constare
1390 2833 1524 2878 potest,
1542 2840 1670 2878 preces

91 2899 174 2929 tum
194 2892 358 2942 publicas
381 2893 419 2929 in
432 2892 572 2942 Angli-a
594 2891 739 2929 habitas
758 2891 871 2929 fuisse
886 2891 1048 2942 Angliee
1060 2891 1074 2928 ¹?
1130 2891 1267 2929 Postea
1285 2904 1370 2929 eum
1389 2891 1428 2928 in
1447 2891 1511 2928 illo
1529 2891 1668 2928 circulo

89 2969 172 2993 sese
203 2957 294 2994 satis
320 2957 466 3007 jamdiu
493 2957 723 3007 jactavisset,
756 2956 896 3007 adjecit
927 2956 1026 2994 serio
1065 2961 1104 2994 et
1143 2969 1230 2994 vero
1260 2956 1374 3002 vultu,
1412 2962 1522 3007 atque
1556 2955 1666 2992 etiam
