1845 3233
129 141 339 197 Lxxxvm]
384 156 604 182 Emrmvmfs
635 154 885 182 emanLLus
917 154 971 180 AD
1005 153 1216 180 namneum
1252 149 1549 179 BULLmGERuM-
1627 133 1712 179 127

128 271 419 311 Northumbrius
449 271 590 309 scilicet
614 276 652 308 et
678 269 1029 313 Westmorlandius,
1055 268 1278 306 seditionem
1309 266 1529 312 excitarunt,
1553 265 1711 304 collecto

129 336 307 380 exercitu,
335 335 373 372 in
400 348 491 385 agro
519 335 746 373 Eboracensi
773 340 811 372 et
839 333 1099 377 Dunelmensi,
1134 338 1175 369 ut
1208 332 1301 369 falso
1328 331 1559 368 nominatam
1584 329 1711 367 catho-

128 399 238 437 licam
257 400 481 450 religionem
499 400 744 437 restituerent.
803 398 1008 436 Habebam:
1027 397 1065 434 in
1084 396 1251 433 exercitu
1280 397 1380 432 1200
1400 394 1544 444 equites
1564 399 1602 431 et
1620 407 1710 444 qua-

128 469 213 501 tuor
239 464 358 501 millia
384 464 564 514 peditum.
621 464 807 502 Putabant
834 463 881 500 ad
908 474 1046 499 nomen
1074 461 1202 498 missae
1230 459 1413 497 infinitam
1436 458 1711 495 multitudinem

129 528 256 565 statim
271 528 318 565 ad
338 541 377 565 se
393 534 601 573 venturam,
623 535 661 565 et
678 527 944 578 exspectabant
962 525 1101 562 auxilia
1119 525 1164 561 ab
1179 524 1347 561 Albano:
1369 528 1577 560 statuerant
1596 522 1709 559 etiam

130 592 319 642 Reginam
345 591 487 629 Scotiae
509 605 554 630 ex
582 592 752 630 custodia
769 591 943 634 liberare;
973 589 1038 627 sed
1057 588 1160 626 omni
1179 601 1226 625 ex
1244 593 1348 638 parte
1367 587 1413 624 de
1433 600 1498 637 spe
1514 600 1581 624 sua
1608 586 1710 624 deci-

129 656 272 694 derunt.
333 656 433 694 Nam
466 657 615 707 Regina
644 655 785 694 Scotiae
815 656 854 692 in
887 653 1198 692 Coventriensem
1228 652 1432 695 civitatem,
1461 663 1546 702 quae
1579 656 1638 689 est
1672 650 1711 687 in

129 720 335 758 meditullio
369 721 491 771 regni,
525 726 769 771 recomperta,
809 719 935 758 statim
969 717 1131 756 abducta
1163 716 1244 754 fuit.
1315 716 1535 754 Domestica
1574 714 1712 752 armilla

129 785 265 835 partim
294 785 440 835 hyemis
468 786 679 836 asperitate,
706 784 842 835 partim
868 783 1124 833 angustiarum
1150 780 1485 832 praeoccupatione,
1514 779 1713 817 interclusa

130 848 242 887 fuere.
301 850 463 887 Emissae
491 850 604 887 etiam
632 862 744 887 naves
781 854 950 893 armatae,
989 860 1075 897 quae
1111 845 1247 883 auxilia
1274 851 1428 882 externa
1460 843 1711 894 prohiberent.

133 914 271 952 Postea
304 915 452 964 Regina
484 914 687 952 exereitum
711 913 847 963 viginti
876 917 1033 962 quatuor
1064 909 1234 954 millium,
1263 909 1430 959 equitum
1464 914 1501 945 et
1532 908 1711 959 peditum,

130 978 297 1029 collegit,
318 979 422 1028 cujus
447 984 638 1028 aspectum
657 978 803 1016 rebellis
823 976 1006 1014 exercitus
1025 975 1208 1012 sustinere
1230 987 1341 1011 ausus
1359 986 1436 1010 non
1456 978 1523 1010 est.
1580 972 1713 1022 Itaque

135 1045 184 1079 16
205 1042 425 1081 Decembris
449 1042 603 1080 rebelles
620 1041 787 1092 peditem
806 1041 1024 1078 dimiserunt
1041 1053 1048 1084 ;
1081 1038 1222 1089 equites
1241 1051 1327 1075 vero
1347 1037 1391 1074 ad
1413 1036 1554 1074 Scotiae
1575 1036 1713 1073 limites

130 1107 319 1157 fugerunt,
343 1107 405 1144 ubi
431 1106 596 1143 maxima
620 1119 704 1156 pars
725 1119 806 1144 sese
825 1105 975 1149 dedidit,
1004 1103 1117 1141 ceteri
1138 1102 1208 1140 sibi
1231 1101 1322 1152 fuga
1340 1100 1570 1139 consuluere.
1626 1100 1714 1138 Duo

130 1172 193 1209 isti
213 1172 371 1209 comites
390 1171 566 1220 fugerunt
584 1171 621 1207 in
641 1170 805 1207 Scotiam
821 1182 905 1206 cum
924 1174 1076 1206 centum
1095 1180 1142 1204 ex
1167 1165 1434 1203 selectioribus.
1482 1164 1554 1202 Sed
1572 1162 1714 1202 North-

132 1235 300 1273 umbrius
332 1248 397 1285 per
426 1235 567 1277 Scotiae
600 1240 792 1284 regentem
823 1239 952 1283 captus
978 1232 1061 1278 fuit,
1092 1237 1130 1268 et
1155 1230 1274 1267 adbuc
1304 1230 1355 1267 ibi
1384 1235 1512 1266 manet
1533 1228 1712 1278 captivus.

132 1299 469 1337 lVestmorlandIus
498 1312 598 1344 vero,
633 1299 694 1349 qui
724 1298 872 1348 juvenis
903 1302 960 1334 est
997 1302 1035 1333 et
1070 1295 1236 1332 moribus
1271 1293 1516 1338 Catilinariis,
1550 1293 1588 1329 in
1622 1292 1714 1329 locis

133 1364 274 1402 Scotiae
305 1364 459 1401 desertis
487 1363 584 1400 inter
610 1363 774 1400 latrones
807 1361 909 1399 vivit.
968 1361 1027 1398 Ita
1057 1360 1136 1396 sine
1159 1359 1340 1409 sanguine
1367 1357 1438 1394 fuit
1465 1357 1551 1395 haec
1582 1357 1715 1393 seditio

132 1428 229 1465 intra
260 1428 506 1477 quadraginta
538 1427 614 1464 dies
646 1439 852 1476 suppressa,
890 1425 962 1462 nisi
996 1424 1097 1475 quod
1122 1423 1321 1474 quingenti
1349 1435 1395 1459 ex
1425 1422 1487 1459 illa
1521 1421 1714 1459 rebellium

132 1492 295 1529 factione
325 1492 476 1542 capitali
504 1490 685 1541 supplicio
713 1496 846 1540 postea
872 1489 996 1526 affecti
1024 1493 1122 1532 sunt,
1150 1494 1187 1524 et
1215 1486 1322 1524 multi
1351 1485 1469 1524 adhuc
1495 1486 1534 1523 in
1562 1485 1717 1523 carceri-

134 1556 200 1593 bus
219 1555 444 1599 detinentur,
464 1555 541 1605 pari
561 1554 740 1605 supplicio
760 1553 958 1591 afficiendi.
1013 1552 1178 1590 Rebellis
1204 1552 1273 1588 iste
1299 1551 1481 1589 exereitus
1506 1550 1545 1586 in
1570 1549 1715 1587 vexillis

131 1620 208 1657 suis
234 1620 395 1657 habebat
423 1619 584 1670 quinque
613 1619 763 1656 vulnera
784 1617 843 1670 (ut
869 1615 1039 1668 vocant),
1066 1622 1104 1653 et
1124 1615 1245 1653 erucis
1271 1615 1433 1665 effigiem
1455 1626 1539 1651 cum
1565 1613 1633 1650 hac
1661 1613 1715 1650 in·

132 1684 349 1735 scriptione,
369 1685 419 1721 In
439 1685 508 1721 lzoc
526 1685 632 1732 signo
651 1685 786 1720 vinc-es.
838 1682 881 1719 In
901 1681 1074 1718 omnibus
1093 1680 1242 1731 templis
1259 1680 1391 1716 missas
1416 1692 1500 1716 suas
1518 1677 1714 1715 faciebant.

133 1749 259 1787 Biblia
284 1762 372 1786 vero
400 1748 439 1785 in
467 1753 633 1785 nostram
668 1747 835 1798 linguam
870 1759 986 1791 versa,
1020 1759 1105 1796 quie
1135 1745 1173 1781 in
1200 1744 1374 1782 omnibus
1402 1742 1539 1780 nostris
1566 1742 1717 1792 templis

132 1814 377 1863 reperiuntur,
417 1812 676 1862 discerpebant
713 1817 778 1848 aut
818 1810 1096 1847 comburebant.
1160 1807 1342 1858 Episcopi
1382 1807 1645 1845 Dunelmensis
1679 1812 1718 1843 et

134 1878 302 1915 omnium
329 1882 519 1927 pastorum
547 1890 590 1914 ac
617 1876 869 1913 ministrorum
891 1875 991 1911 bona
1016 1873 1261 1924 diripiebant:
1290 1873 1479 1910 neminem
1505 1877 1631 1908 tamen
1661 1871 1716 1907 in-

134 1941 322 1978 terfecere.
371 1941 419 1978 D.
442 1940 721 1990 Pilkingtonus,
742 1940 940 1990 episcopus
960 1937 1240 1982 Dunehnensis,
1263 1936 1368 1988 (Deo
1387 1937 1437 1973 ita
1457 1933 1714 1986 disponente,)

134 2012 213 2041 tum
238 2005 420 2054 temporis
443 2004 606 2041 Londini
632 2003 855 2040 valetudinis
880 2001 1146 2053 recuperandae
1172 2014 1284 2038 causa
1307 2001 1542 2038 versabatur:
1577 1998 1717 2048 alioqui

135 2069 213 2106 sine
241 2068 355 2106 dubio
384 2069 421 2105 in
450 2081 595 2106 summo
623 2068 713 2104 vitae
749 2067 963 2104 discrimine
996 2066 1141 2102 fuisset.
1199 2064 1272 2101 Sed
1299 2064 1425 2101 statim
1454 2069 1540 2113 post
1568 2068 1717 2099 nostros

135 2133 314 2170 tumultus
343 2133 490 2169 sedatos
519 2132 730 2169 tristissima
757 2144 853 2167 nova
880 2144 927 2167 ex
962 2129 1092 2167 Scotia
1117 2129 1329 2179 accepimus
1363 2128 1408 2165 de
1436 2133 1556 2164 morte
1584 2126 1717 2177 optimi

136 2204 174 2235 ct
193 2197 413 2248 pientissimi
433 2196 611 2247 principis
629 2197 650 2233 J
656 2195 762 2233 acobi
782 2195 934 2238 Stuarti,
966 2193 1106 2232 Scotiae
1131 2193 1307 2242 regentis.
1366 2192 1403 2229 Is
1421 2190 1559 2229 etenim
1579 2193 1629 2227 '23
1657 2190 1718 2227 die

133 2262 302 2300 ,Ianuarii
331 2262 406 2312 pila
431 2261 608 2299 tormenti
638 2259 818 2297 manuarii
848 2272 913 2310 per
938 2258 1055 2295 imum
1084 2262 1249 2294 ventrem
1280 2256 1606 2299 transverberatus,
1633 2260 1721 2305 post

136 2327 286 2364 biduum
308 2326 519 2377 exspiravit.
578 2324 674 2362 Cum
694 2337 828 2373 regens
847 2336 892 2360 eo
916 2323 976 2360 die
997 2322 1071 2374 (sic
1091 2321 1191 2358 enim
1209 2321 1410 2358 commissa
1428 2320 1498 2357 fuit
1516 2319 1658 2368 caedes)
1677 2318 1716 2355 in

135 2391 260 2441 platea
284 2391 412 2441 oppidi
432 2390 607 2440 Lithgow
633 2389 820 2427 nobilibus
845 2388 921 2425 suis
947 2400 993 2424 ex
1015 2399 1119 2424 more
1144 2386 1300 2435 stipatus
1329 2384 1524 2435 equitaret,
1551 2383 1720 2433 proditor

134 2454 286 2505 quidam
317 2468 361 2491 ex
392 2454 534 2492 familia
565 2453 885 2496 Hamistonorum,
913 2457 1102 2489 tormento
1133 2463 1179 2487 ex
1209 2449 1370 2486 fenestra
1399 2449 1557 2499 quadam
1588 2452 1719 2485 contra

135 2519 237 2556 illum
257 2519 404 2564 librato,
434 2518 537 2556 illum
565 2517 758 2569 percussit.
815 2515 1004 2554 Parricida
1032 2514 1141 2552 celeri
1167 2527 1263 2564 equo
1288 2526 1505 2558 conscenso,
1535 2524 1644 2563 quem
1671 2511 1718 2549 ad

135 2583 320 2633 posticum
341 2583 476 2620 domus
494 2588 663 2633 paratum
684 2580 856 2625 habebat,
877 2579 1020 2630 effugit,
1041 2583 1080 2615 et
1098 2579 1137 2615 in
1155 2589 1277 2615 arcem
1298 2577 1483 2627 quandam
1504 2589 1544 2614 se
1562 2575 1715 2625 recepit.

135 2646 384 2685 Metuendum
412 2645 562 2697 quidem
594 2651 663 2689 est,
692 2657 738 2681 ne
763 2656 916 2693 magnac
950 2642 1177 2680 mutationes
1203 2641 1314 2691 hujus
1341 2641 1436 2678 tanti
1461 2640 1526 2677 viri
1557 2645 1717 2677 mortem

136 2716 360 2761 sequantur;
391 2710 456 2748 sed
482 2715 609 2747 tamen
640 2708 810 2746 audimus
837 2720 1008 2758 proceres
1032 2712 1070 2743 et
1094 2705 1323 2743 consiliarios
1345 2704 1500 2749 Scotiae,
1529 2703 1590 2754 qui
1608 2715 1719 2740 evan-

136 2775 237 2825 gelio
254 2788 394 2813 nomen
413 2774 561 2820 dedere,
582 2785 721 2823 magno
741 2784 926 2810 consensu
946 2777 984 2808 et
1002 2770 1217 2807 constantia
1234 2769 1427 2819 religionis
1446 2774 1484 2806 et
1501 2766 1719 2818 reipublicae

135 2838 391 2877 defensionem
410 2839 449 2876 in
471 2851 510 2876 se
530 2837 727 2887 suscipere.
783 2835 1056 2886 Exspectamus
1076 2834 1114 2870 in
1133 2833 1212 2870 dies
1232 2833 1400 2871 certiora.
1457 2831 1516 2870 Ex
1533 2830 1722 2880 Hispania

138 2915 254 2953 nuper
283 2903 502 2948 audivimus,
533 2902 687 2940 Mauros
717 2899 793 2938 sive
825 2899 1025 2937 Marranos
1054 2897 1138 2934 illos
1164 2897 1310 2947 regium
1339 2897 1558 2940 exercitum,
1586 2893 1719 2933 castris

134 2973 302 3014 exutum,
343 2980 485 3019 magna
517 2965 623 3004 clade
660 2963 839 3003 affecisse.
893 2961 1062 3001 Albanus
1100 2961 1257 3000 classem
1286 2966 1453 3012 paratam
1491 2959 1616 3004 habet,
1654 2955 1721 2994 sed
