1845 3233
116 122 237 179 xm]
461 140 670 167 JOHANNES
700 141 875 169 JUELLUS
907 142 962 167 AD
995 142 1138 169 JOSIAM
1174 143 1397 170 smmemr.
1651 132 1705 175 63

113 260 153 291 et
177 266 248 291 nee
274 254 399 305 spatia
423 255 592 294 locorum
627 270 698 294 nec
724 257 920 295 intervalla
949 263 1165 309 temporum
1190 258 1281 296 mihi
1313 273 1360 296 ex
1385 259 1512 298 animo
1542 261 1706 299 eximere

114 317 283 367 potuisse
303 317 435 355 εἴδωλα
453 319 518 356 illa
534 320 654 357 multo
668 321 943 371 jucundissima
961 323 983 360 J
987 322 1160 360 osietatis
1177 328 1266 361 tuae.
1299 322 1412 368 Quod
1431 324 1522 362 mihi
1542 325 1586 362 de
1604 326 1627 364 J
1631 326 1708 364 ulio

112 387 182 419 tuo
206 394 368 433 meoque
393 383 475 433 agis
500 384 654 434 gratias,
679 398 751 435 ego
775 386 843 424 tibi
868 386 1032 424 vicissim
1058 387 1138 438 ejus
1164 387 1282 437 ipsius
1308 400 1420 426 causa
1449 402 1524 440 ago
1554 391 1704 441 gratias.

115 445 201 495 Ego
229 447 381 497 quidem
409 447 513 485 Julio
541 461 627 486 meo
653 450 764 500 cupio
789 456 828 488 et
852 451 949 497 volo,
983 456 1240 502 quantumque
1263 464 1417 502 possum
1442 467 1508 504 pro
1534 468 1618 492 mea
1642 469 1705 493 ex-

114 509 275 557 iguitate
311 510 494 560 polliceor
529 525 590 550 me
627 513 681 551 illi
717 515 812 552 velle
847 515 1109 560 commodare;
1157 515 1269 566 idque
1300 528 1362 554 me
1399 517 1453 555 illi
1491 524 1529 555 et
1564 532 1630 557 sua
1667 526 1705 557 et

113 574 232 611 multo
259 575 422 613 maxime
452 576 500 613 D.
531 577 632 616 Petri
665 592 778 617 causa
803 579 938 617 debere
966 580 1130 631 ingenue
1160 579 1346 630 profiteor.
1403 582 1489 620 Tibi
1523 596 1622 627 vero,
1652 585 1705 622 mi

113 637 334 676 suavissime
359 639 479 685 Josia‚
506 641 552 679 de
580 643 682 681 omni
715 649 780 681 tua
806 643 1040 681 humanitate
1069 649 1249 695 quantum
1279 644 1452 691 debeam,
1481 646 1572 684 nihil
1605 647 1702 687 (lico.

114 705 205 743 Hoc
230 707 350 744 solum
380 712 417 744 te
445 706 537 744 scire
562 708 685 753 velim,
706 720 751 745 ex
777 721 852 758 quo
876 715 1047 759 tempore
1073 714 1110 746 tc
1134 708 1292 759 primum
1318 711 1416 755 novi,
1440 723 1501 748 me
1526 718 1564 749 et
1588 712 1703 750 fuisse

113 782 271 820 semper,
303 776 341 807 et
369 783 463 815 esse,
495 776 533 808 et
567 784 714 822 semper
741 771 822 809 fore
851 778 970 810 tuum.

191 834 299 880 Vale,
324 835 376 872 mi
407 835 599 873 carissime
626 835 734 873 Josia
759 842 873 887 atque
903 836 1058 887 optime,
1089 837 1184 875 vale.
1241 837 1370 875 Saluta
1400 852 1554 877 uxorem
1582 845 1701 883 tuam,

109 898 267 950 ejusque
285 912 444 944 sorores,
465 905 504 937 et
518 905 691 945 matrem,
714 900 762 938 D.
780 900 1053 951 Bullingerum,
1075 901 1124 938 D.
1143 902 1376 948 Gualterum,
1398 903 1446 940 D.
1466 904 1701 950 Lavaterum,

112 962 161 999 D.
181 963 340 1013 Lupum,
363 963 411 1000 D.
432 963 662 1013 Zuinglium,
683 964 730 1002 D.
750 964 959 1009 Hallerum,
988 965 1036 1003 D.
1055 965 1246 1012 Vickium,
1268 967 1316 1004 D.
1334 967 1504 1006 Frisium.
1548 969 1701 1016 Iterum,

110 1027 164 1064 mi
185 1027 306 1073 Josia‚
333 1028 425 1066 vale.
481 1028 714 1075 Sarisberiae,
745 1032 793 1066 10
823 1029 1028 1075 Februarii,
1060 1032 1175 1068 1562.

795 1093 899 1131 Tuus
925 1094 963 1131 in
993 1094 1174 1140 Domino,

874 1169 1166 1208 JOHANNES
1197 1169 1451 1218 JUELLUS,
1486 1172 1646 1226 Anglus.

478 1233 737 1259 mscmP'mo.

219 1285 311 1323 Viro
338 1287 556 1324 doctissimo
582 1287 630 1323 D.
653 1287 770 1324 Josice
796 1288 971 1333 Simlero,
997 1290 1120 1338 prefi-

265 1353 362 1388 tenti
385 1364 517 1388 sacras
543 1351 674 1388 literas
695 1352 737 1388 in
759 1353 891 1389 schola
917 1352 1120 1400 TigurI'na,

265 1417 393 1453 amico
420 1429 490 1453 suo
519 1417 729 1454 carissimo.

906 1482 1062 1530 Tigurc'.

636 1814 940 1857 EPISTOLA
982 1815 1157 1857 XLVI.

183 2016 444 2047 JOHANNES
473 2016 828 2048 PARKHURSTUS
856 2018 925 2048 AD
953 2015 1213 2047 HENRICUM
1244 2014 1620 2046 BULLINGERUM.

185 2110 351 2147 SALvus
388 2109 439 2146 sis
474 2109 514 2146 in
550 2108 716 2154 Christo,
752 2109 957 2147 clarissime
992 2107 1236 2158 Bullingere!
1301 2107 1445 2157 Objicis
1473 2107 1567 2145 meis
1605 2121 1693 2146 con-

100 2174 280 2212 terraneis
311 2173 450 2223 Anglis
479 2173 801 2222 ingratitudinem,
833 2174 933 2224 quod
969 2173 1062 2210 nihil
1093 2172 1140 2209 ad
1171 2184 1238 2209 vos
1269 2171 1358 2208 dent
1386 2171 1587 2209 literarum.
1644 2173 1694 2210 Et

102 2251 234 2276 vereor
262 2251 309 2275 nc
338 2238 437 2275 idem
469 2237 610 2275 crimen
640 2236 732 2274 mihi
762 2237 962 2287 impingas,
997 2236 1084 2287 quia
1108 2235 1360 2286 superioribus
1390 2236 1569 2273 nundinis
1598 2236 1694 2274 nihil

103 2303 150 2340 ad
182 2309 221 2340 te
247 2302 470 2352 scripserim.
527 2301 586 2338 Mi
620 2301 851 2351 Bullingere,
886 2300 1030 2351 quidvis
1060 2300 1185 2350 potius
1216 2299 1309 2336 mihi
1340 2300 1543 2350 impingas,
1579 2313 1693 2351 quam

100 2366 425 2417 ingratitudinem.
482 2365 581 2403 Mihi
608 2365 730 2410 crede,
750 2365 877 2402 malini
897 2378 974 2402 non
995 2378 1075 2402 esse
1101 2377 1212 2415 quam
1238 2377 1318 2401 esse
1343 2364 1525 2414 ingratus.
1580 2365 1693 2410 Quod

100 2445 179 2469 non
198 2431 422 2483 scripserim,
442 2431 586 2475 morbo,
608 2430 716 2480 eique
736 2430 842 2466 valde
857 2429 1084 2480 periculoso,
1105 2429 1281 2479 imputes,
1301 2441 1378 2465 non
1397 2428 1502 2466 mihi.
1556 2429 1693 2480 Egone

100 2496 368 2547 Tigurinorum
396 2508 567 2533 meorum
592 2494 762 2532 oblivisci
787 2494 973 2545 possum?
1029 2493 1120 2531 Non
1148 2505 1316 2543 possum,
1342 2493 1436 2529 dum
1453 2505 1598 2531 memor
1615 2497 1694 2544 ipse

100 2563 188 2607 mei,
207 2562 300 2597 dum
322 2561 482 2609 spiritus
501 2560 568 2597 hos
587 2563 689 2607 reget
715 2562 836 2596 artus.
895 2559 945 2596 Et
963 2572 1011 2595 ne
1035 2558 1146 2596 vestri
1170 2557 1327 2594 oblitum
1348 2557 1562 2603 crederetis,
1584 2557 1690 2610 (quia

100 2639 168 2677 per
195 2624 448 2662 valetudinem
481 2624 638 2662 scribere
671 2635 749 2660 non
782 2621 923 2673 potui,)
958 2622 1043 2660 misi
1073 2621 1213 2672 aliquid
1246 2621 1293 2658 ad
1325 2634 1403 2659 vos.
1459 2622 1499 2660 Si
1527 2635 1690 2674 unquam

98 2688 284 2740 primitias
315 2688 543 2740 persolvero,
573 2693 610 2725 et
636 2700 684 2724 ex
711 2699 785 2724 oere
813 2686 938 2724 alieno
965 2700 1026 2724 me
1057 2686 1298 2731 extricavero,
1326 2686 1509 2731 sentietis,
1541 2687 1624 2738 quis
1652 2694 1690 2726 et

99 2753 220 2804 qualis
253 2753 302 2790 sit
337 2758 461 2790 vester
499 2751 761 2789 Parkhurstus.
825 2750 973 2788 Fratres
1006 2764 1114 2789 meos
1145 2750 1355 2802 episcopos,
1394 2756 1432 2788 et
1464 2751 1558 2788 alios
1593 2765 1689 2802 quos

98 2817 383 2868 ingratitudinis
421 2830 588 2861 accusas,
625 2829 696 2854 nec
733 2815 936 2860 immerito,
978 2816 1069 2854 satis
1115 2815 1247 2853 acerbe
1286 2815 1451 2866 satisque
1488 2815 1688 2866 imperiose

96 2882 266 2933 (tametsi
296 2882 350 2919 illi
383 2882 546 2919 dixerint
576 2880 667 2918 satis
695 2893 763 2931 pro
795 2879 986 2930 imperio,)
1022 2893 1147 2918 coram
1178 2880 1361 2918 tractabo.
1431 2880 1514 2918 Nec
1546 2880 1689 2918 interea

96 2946 281 2997 temporis
308 2946 508 2984 cessabunt
535 2945 581 2983 ad
609 2945 694 2983 illos
722 2956 820 2982 meae
848 2944 992 2983 literae:
1031 2957 1299 2982 amanuensem
1329 2944 1430 2982 enim
1459 2943 1593 2989 habeo,
1624 2944 1687 2995 qui
