1845 3233
98 134 117 172 1
127 131 180 172 66
707 142 899 168 RICARDUS
931 142 1055 169 coxus
1537 123 1679 180 [misr.

655 321 955 363 EPISTOLA
998 322 1123 364 OIX.

286 498 530 530 RICARDUS
561 498 716 530 COXUS
747 499 815 531 AD
845 489 1156 530 RODOLPHUM
1187 495 1517 527 GUALTERUM.

181 585 339 621 Accam
368 585 493 623 literas
520 591 603 623 tuas
631 599 759 624 mense
788 587 917 631 Junio,
951 588 1065 630 1573,
1097 585 1289 630 Gualtere,
1318 584 1430 621 frater
1460 583 1500 620 in
1530 581 1683 619 Christo

104 648 353 686 dilectissime.
410 650 598 700 Equidem
628 650 743 688 miror
771 651 894 688 literas
922 663 1026 687 meas
1055 650 1100 686 ad
1128 655 1165 686 te
1193 661 1271 686 non
1299 661 1380 685 esse
1413 647 1568 691 delatas,
1593 658 1686 696 quas

105 713 212 750 initio
246 714 443 764 superioris
479 715 574 752 veris
611 715 739 765 scripsi
774 721 812 752 et
853 715 900 753 ad
934 721 986 761 te,
1023 720 1061 751 et
1098 714 1146 751 ad
1180 712 1429 751 venerandum
1467 717 1610 763 patrem
1647 714 1686 746 et

104 777 254 815 fratrem
284 791 408 816 meum
432 779 480 816 D.
506 779 776 829 Bullingerum.
833 780 968 829 Longe
986 779 1079 816 mihi
1105 778 1247 828 gratius
1266 783 1304 814 et
1329 776 1533 827 optandum
1552 774 1685 824 magis,

107 846 148 879 ut
176 854 223 878 ex
251 841 367 879 literis
400 843 494 880 meis
518 843 724 889 didicisses,
754 856 845 894 quas
866 849 946 880 tum
975 842 1156 893 temporis
1185 841 1404 886 scribebam,
1433 844 1572 891 quanta
1603 850 1689 875 cum

108 905 357 954 gratulatione
388 912 557 957 acceptae
585 906 721 944 fuerint
749 912 828 944 tuse
857 906 1038 951 homiliae,
1069 919 1143 943 una
1175 918 1259 945 cum
1291 904 1450 954 epistola
1476 902 1689 953 prudenter,

103 969 225 1014 docte,
259 975 297 1006 et
324 970 385 1020 pie
419 971 464 1008 de
494 972 603 1009 rebus
633 971 775 1022 aliquot
802 971 1048 1009 controversis
1080 970 1295 1007 disserente.
1352 968 1559 1006 Didicisses
1587 977 1684 1016 prae-

105 1038 207 1070 terea
239 1047 286 1071 ex
318 1034 392 1072 illis
424 1035 519 1073 meis
550 1036 678 1081 literis,
715 1041 873 1086 quantas
904 1035 1033 1072 turbas
1064 1034 1261 1071 excitarint
1296 1034 1335 1071 in
1372 1032 1528 1070 ecclesia
1564 1036 1691 1068 nostra

110 1111 185 1135 non
222 1099 319 1136 male
350 1099 557 1137 constituta
587 1099 759 1138 homines
788 1099 937 1137 factiosi
968 1105 1006 1136 et
1029 1099 1204 1149 capitosi;
1237 1098 1301 1149 qui
1328 1097 1475 1148 scriptis
1504 1101 1542 1133 et
1566 1094 1691 1133 conci·

109 1162 243 1200 onibus
274 1168 385 1214 atque
416 1164 569 1215 privatis
599 1164 796 1215 colloquiis
826 1164 1036 1201 universam
1069 1163 1239 1201 ecclesiae
1266 1167 1409 1200 nostrae
1439 1159 1691 1199 oeconomiam

107 1226 270 1263 refutant
289 1232 327 1263 et
344 1228 571 1274 convellunt,
597 1229 869 1278 episcoposque
888 1240 1018 1265 omnes
1038 1233 1076 1264 et
1094 1233 1239 1265 ceteros
1259 1226 1361 1264 verbi
1378 1225 1569 1262 ministros
1592 1222 1691 1272 apud

109 1290 256 1339 plebem
279 1297 318 1328 et
341 1292 441 1342 apud
465 1293 707 1343 magistratus
732 1297 771 1329 et
794 1292 938 1329 nobiles
961 1292 1001 1329 in
1021 1291 1148 1329 odium
1166 1296 1304 1328 vocant
1320 1289 1549 1327 incredibile.
1608 1287 1692 1325 Imo

109 1354 208 1392 hunc
240 1356 406 1392 ordinem
435 1362 614 1407 tanquam
643 1355 785 1394 Christi
810 1356 979 1394 ecclesiae
1003 1356 1174 1393 inutilem
1202 1355 1388 1404 rejiciunt,
1414 1359 1452 1391 et
1478 1358 1520 1390 ut
1544 1364 1693 1403 prorsus

108 1419 312 1465 aboleatur,
325 1420 445 1458 modis
464 1421 638 1458 omnibus
653 1420 900 1458 contendunt.
943 1420 1018 1457 Sed
1034 1419 1306 1457 sanctissimam
1323 1423 1492 1457 nostram
1504 1417 1693 1467 Reginam

110 1488 148 1520 et
173 1496 220 1520 ex
244 1484 398 1521 summis
422 1484 701 1535 magistratibus
723 1485 867 1535 aliquot
892 1497 937 1521 ea
961 1483 1094 1521 imbuit
1115 1484 1301 1520 Dominus
1325 1483 1431 1520 Deus
1456 1486 1585 1518 noster
1607 1492 1693 1530 pru-

109 1546 236 1584 dentia
260 1553 298 1584 et
324 1548 477 1598 pietate,
506 1554 548 1585 ut
570 1548 705 1586 frustra
732 1547 904 1585 homines
932 1548 984 1585 illi
1010 1548 1253 1592 contendant,
1280 1547 1336 1584 uti
1361 1558 1563 1597 speramus.
1612 1544 1692 1581 An-

110 1611 255 1660 tiquum
290 1612 380 1649 illud
415 1613 453 1649 in
490 1613 671 1663 primaeva
708 1612 864 1649 ecclesia
900 1612 1169 1661 presbyterium
1205 1623 1380 1649 revocare
1417 1614 1612 1653 conantur,
1658 1614 1696 1644 et

113 1675 366 1712 ministrorum
397 1676 563 1713 omnium
602 1676 857 1726 aequalitatem
890 1675 944 1712 ita
975 1676 1212 1720 constituere,
1250 1681 1291 1712 ut
1326 1675 1385 1712 vel
1417 1675 1463 1711 ab
1493 1673 1576 1724 ipsa
1604 1686 1693 1710 con-

111 1743 325 1775 temnantur
347 1744 385 1776 et
409 1740 690 1783 conculcentur3
722 1739 815 1775 adeo
842 1744 883 1775 ut
910 1738 1118 1776 timendum
1140 1739 1202 1785 sit,
1227 1751 1275 1776 ne
1300 1738 1494 1789 paullatim
1521 1737 1696 1774 Christus

114 1802 195 1852 ipse
221 1802 357 1839 exulet.

194 1866 305 1911 Quod
333 1872 458 1904 autem
485 1868 532 1904 ad
561 1880 659 1913 eum,
691 1880 802 1918 quem
831 1867 974 1912 scribis,
1002 1867 1154 1904 modum
1181 1867 1278 1904 filius
1305 1866 1429 1904 literas
1454 1866 1568 1911 dedit,
1590 1865 1695 1916 equi-

114 1932 199 1968 dem
244 1930 406 1979 ingenue
450 1931 557 1981 probi
602 1931 849 1969 adolescentis
891 1931 1038 1969 functus
1079 1937 1136 1968 est
1183 1931 1318 1968 officio.
1393 1931 1434 1968 Si
1466 1931 1696 1981 frequentius

114 2008 174 2032 me
208 1994 383 2032 inviseret
415 1996 473 2032 vel
511 1996 626 2033 literis
665 1997 853 2041 salutaret,
890 1996 1029 2033 tantilli
1059 1996 1173 2033 officii
1208 1996 1329 2045 ipsum
1366 2008 1443 2032 non
1482 1995 1694 2046 poeniteret.

115 2059 205 2097 Non
235 2071 338 2109 aegre
363 2059 557 2096 ferendum
590 2060 658 2097 tibi
689 2067 755 2105 est,
789 2061 841 2097 mi
872 2061 1058 2106 Gualtere,
1099 2060 1199 2111 quod
1232 2059 1405 2097 homines
1438 2060 1585 2097 sectarii
1614 2073 1696 2097 sen-

116 2123 247 2160 tentiae
281 2129 357 2160 tuac
383 2124 603 2173 justissimae
637 2125 725 2161 mali
757 2130 867 2175 atque
898 2125 1058 2174 improbi
1093 2125 1313 2175 interpretes
1347 2124 1519 2161 evadunt.
1573 2123 1697 2162 Aliter

116 2188 217 2225 enim
245 2188 325 2225 fieri
352 2201 429 2225 non
459 2194 595 2238 potest,
629 2189 717 2239 quin
749 2189 892 2226 zizania
926 2194 1095 2226 crescant
1130 2189 1171 2225 in
1203 2202 1296 2239 agro
1333 2188 1548 2234 Dominico,
1579 2201 1695 2239 caque

114 2265 268 2289 numero
292 2265 369 2289 non
398 2252 588 2290 mediocri.
646 2253 771 2303 Hujus
798 2253 931 2290 farinae
962 2259 1049 2290 sunt
1075 2253 1335 2303 anabaptistae,
1364 2252 1594 2297 Donatistae,
1624 2251 1695 2290 Ar-

114 2316 220 2360 riani,
254 2317 426 2366 papistae,
458 2323 495 2353 et
523 2317 695 2355 universa
723 2318 964 2355 sectariorum
997 2331 1090 2368 gens
1118 2318 1359 2368 nequissima.
1430 2317 1504 2355 Sed
1536 2317 1696 2355 solidum

116 2387 172 2418 est
201 2395 223 2417 a
256 2380 409 2418 Christo
446 2382 621 2418 solatium
650 2387 840 2419 nostrum:
881 2387 904 2403 ‘⁶
922 2382 1031 2419 Beati
1061 2382 1149 2419 estis
1178 2395 1262 2419 cum
1290 2381 1551 2420 maledixerint
1587 2380 1695 2418 vobis

115 2445 286 2482 homines
318 2446 540 2483 mentientes
564 2452 716 2496 propter
739 2447 834 2484 me.''
891 2446 990 2491 Quae
1018 2453 1144 2484 autem
1168 2447 1213 2485 de
1238 2447 1494 2484 moderatione
1522 2447 1561 2484 in
1585 2446 1694 2483 rebus

118 2510 281 2546 externis
313 2510 493 2546 servanda
524 2510 664 2555 scribis,
688 2511 800 2548 modo
825 2512 959 2548 veritas
986 2510 1126 2548 Christi
1156 2517 1193 2548 et
1217 2511 1309 2548 fides
1338 2511 1458 2548 illaesa
1481 2511 1693 2555 retineatur,

117 2586 139 2609 a
169 2573 310 2610 sincera
338 2574 477 2623 pietate
508 2580 545 2611 et
577 2574 800 2612 solidissimo
830 2576 973 2625 judicio
1002 2575 1297 2625 proficiscuntur.
1356 2575 1468 2620 Quod
1496 2575 1543 2612 ad
1569 2574 1695 2612 existi-

117 2637 322 2674 mationem
353 2637 515 2674 nominis
541 2639 595 2676 tui
633 2639 779 2684 attinet,
813 2640 1076 2677 contemnendi
1106 2640 1252 2690 quidem
1287 2645 1384 2685 sunt,
1419 2639 1482 2689 qui
1511 2639 1695 2676 bonorum

119 2701 284 2738 omnium
314 2700 450 2738 famam
479 2703 669 2740 corrodere
699 2717 776 2741 non
803 2709 970 2747 cessant3
1007 2704 1154 2741 interim
1181 2717 1300 2754 neque
1326 2709 1429 2741 tuam
1458 2716 1579 2753 neque
1606 2716 1695 2740 nos—

119 2770 214 2801 tram
232 2765 368 2801 famam
386 2766 461 2802 suis
484 2767 694 2804 maledictis
713 2767 934 2805 labefactare
952 2768 1097 2805 valent:
1126 2781 1204 2805 non
1222 2768 1322 2805 enim
1339 2768 1423 2812 illis,
1444 2768 1510 2805 sed
1529 2767 1696 2806 Domino

119 2834 260 2872 nostro,
289 2829 454 2866 cadimus
482 2836 520 2867 et
547 2836 698 2869 stamus.

200 2892 315 2941 Spero
351 2898 388 2929 te
421 2894 559 2943 priores
593 2908 695 2933 meas
723 2896 848 2933 literas
884 2897 932 2934 ad
962 2897 1011 2934 D.
1048 2897 1309 2947 Bullingerum
1338 2903 1376 2933 et
1408 2896 1455 2933 ad
1491 2902 1528 2933 tc
1564 2896 1696 2935 missas

121 2954 278 2993 antehac
305 2957 498 3007 recepisse.
555 2958 692 2997 Curavi
716 2959 796 2998 illas
821 2973 906 2998 cum
932 2962 981 2997 525
1000 2962 1154 3009 guldcn,
1179 2966 1221 2997 ut
1243 2966 1392 3006 vocant,
1410 2973 1476 3011 per
1494 2960 1694 2998 Ricardum
