1845 3233
142 122 198 162 48
711 128 916 155 sonANNEs
948 126 1117 153 JUELLUS
1563 108 1703 166 [EPIST.

140 250 264 300 itaque
292 261 389 285 nunc
425 259 491 284 nec
528 245 623 282 inter
654 256 741 280 aves
771 255 840 279 nec
878 241 974 277 inter
1010 238 1268 289 quadrupedes
1298 243 1522 276 numeratur.
1578 239 1709 277 Bonus

142 313 289 363 quidem
317 311 382 355 vir,
417 310 471 346 uti
508 308 620 352 nosti,
654 312 766 356 utque
798 318 871 355 ego
903 309 959 341 sat
990 303 1080 348 scio,
1112 303 1314 339 observans
1342 307 1453 352 atque
1482 315 1612 341 amans
1639 305 1706 341 tui.

142 377 192 413 Et
227 376 392 418 fortasse,
429 373 491 410 ubi
527 371 652 421 copias
688 374 832 407 nostras
867 367 1007 405 videbit
1044 379 1125 403 esse
1162 371 1300 411 auctas,
1336 365 1432 403 ultro
1466 367 1630 411 accedet,
1670 372 1708 404 et

140 445 252 490 ponet
273 439 381 475 istam
407 435 692 479 simulationem,
713 439 751 470 et
770 437 894 482 aperte
920 444 958 468 se
978 436 1094 480 geret.
1151 429 1249 468 Nam
1270 429 1310 467 in
1329 429 1521 467 lustrando
1541 431 1707 469 exerc-itu

139 507 284 553 oportet
301 501 458 551 aliquem
479 512 558 536 esse
577 498 759 535 ultimum.

216 564 391 616 Episcopi
410 563 553 613 aliquot
579 560 739 599 Mariani
765 564 851 596 sunt
876 558 914 594 in
933 558 1023 595 turri
1040 571 1047 595 :
1083 557 1332 595 Londinensis
1350 559 1389 595 in
1408 558 1522 596 veteri
1539 558 1705 610 hospitio

139 643 216 674 suo,
250 628 312 666 ubi
347 633 457 664 antea
492 627 610 664 fuerat
646 625 712 661 sub
745 623 921 660 Edvardo
956 635 1057 672 rege.
1126 622 1213 667 Quo
1249 635 1333 659 cum
1371 622 1551 660 abductus
1591 628 1703 667 esset,

138 699 177 732 et
204 693 242 730 in
271 692 432 729 medium
461 691 540 740 jam
574 700 755 726 carcerem
790 686 1031 737 pervenisset,
1065 691 1116 730 et,
1151 691 1192 722 ut
1227 692 1284 723 est
1316 685 1429 724 homo
1462 687 1702 737 perurbanus,

139 764 175 794 et
206 770 280 794 non
308 761 452 792 tantum
486 754 624 797 animo,
656 752 719 789 sed
751 751 863 788 etiam
896 749 1003 795 facie,
1037 755 1078 786 ut
1112 749 1196 794 scis,
1231 750 1385 796 liberali,
1417 750 1577 796 vinctos,
1611 764 1704 802 quos

137 821 187 858 ibi
212 820 360 870 reperit,
381 818 545 856 officiose
570 817 778 859 salutasset,
803 819 841 851 et
865 813 1006 850 amicos
1030 827 1073 851 ac
1092 814 1215 851 socios
1233 814 1468 865 appellasset,
1487 815 1701 853 reclamavit

134 884 258 921 statim
277 884 424 934 quidam
445 896 464 919 e
483 893 658 919 numero:
689 884 712 900 “
728 879 778 916 Et
797 878 951 928 egone,’'
979 878 1110 928 inquit,
1139 882 1162 899 “
1176 878 1306 923 bestia,
1332 878 1460 916 videor
1489 879 1557 916 tibi
1580 879 1701 917 socius

135 962 214 986 esse
246 948 356 984 tuus?
411 946 498 990 Abi,
529 958 601 996 quo
630 943 764 993 dignus
793 956 845 986 eS,
876 941 923 978 ad
950 942 1113 987 inferos;
1144 942 1195 980 ibi
1226 942 1393 980 invenies
1422 943 1558 981 socios.
1614 944 1700 994 Ego

134 1025 244 1049 unum
265 1017 409 1048 tantum
428 1010 631 1053 hominem,
651 1020 807 1058 eumque
826 1006 999 1043 inductus
1014 1006 1138 1057 aliqua
1152 1020 1277 1053 causa,
1293 1007 1411 1045 occidi
1431 1021 1438 1045 :
1463 1013 1504 1045 tu
1521 1020 1701 1059 magnum

135 1088 325 1114 numerum
357 1076 540 1112 bonorum
576 1073 748 1116 virorum,
784 1076 962 1121 martyres
1001 1070 1155 1115 Christi,
1197 1077 1313 1109 testes
1353 1078 1464 1123 atque
1501 1077 1700 1110 assertores

134 1140 310 1184 veritatis,
343 1139 422 1176 sine
448 1152 557 1175 eausa
582 1136 772 1175 occidisti:
803 1141 840 1173 et
865 1148 924 1173 me
957 1135 1106 1186 quidem
1133 1135 1219 1173 faeti
1248 1136 1432 1186 poenitet3
1462 1142 1503 1173 tu
1529 1149 1618 1174 vero
1648 1137 1697 1174 ita

131 1204 348 1248 obduruisti,
376 1209 416 1240 ut
438 1202 602 1240 nesciam
630 1215 677 1238 an
696 1201 817 1251 possis
836 1200 920 1237 duci
939 1200 1207 1250 poenitudine.”
1264 1200 1351 1238 Hoc
1369 1200 1502 1246 scribo,
1523 1206 1564 1238 ut
1589 1201 1697 1241 scias,

132 1282 205 1319 quo
227 1268 286 1305 ille
311 1268 393 1304 loco
423 1267 483 1311 sit,
513 1279 623 1317 quem
650 1265 763 1302 etiam
793 1264 963 1301 scelerati
992 1262 1163 1302 homines
1186 1269 1223 1301 et
1251 1264 1412 1303 malefici
1440 1264 1635 1315 repudient
1662 1271 1694 1302 el

128 1332 286 1383 fugiant,
315 1345 382 1368 nec
407 1331 526 1368 ferant
553 1330 707 1368 socium.

209 1396 394 1433 Constans
430 1409 553 1434 rumor
585 1401 653 1439 est,
692 1395 795 1444 isque
826 1394 905 1443 jam
941 1407 1111 1431 sermone
1147 1393 1347 1431 multorum
1385 1398 1423 1430 et
1456 1393 1572 1431 lite-ris
1607 1406 1695 1431 con-

131 1461 306 1503 firmatus,
329 1461 484 1498 militem
509 1467 676 1497 nostrum
699 1464 785 1509 post
808 1458 959 1508 longam
986 1458 1307 1508 oppugnationem
1330 1458 1482 1494 tandem
1505 1457 1697 1495 deditione

130 1525 269 1575 cepisse
298 1525 442 1569 Letam,
473 1531 510 1561 et
537 1524 663 1561 Gallos
688 1523 938 1574 praesidiarios
966 1536 1051 1560 cum
1079 1522 1235 1573 singulis
1265 1521 1496 1559 vestimentis
1519 1522 1684 1559 emisisse

130 1589 188 1627 De
216 1589 489 1627 conditionibus
514 1589 631 1626 multa
659 1592 904 1638 sparguntur:
935 1587 999 1624 sed
1028 1586 1147 1624 adhuc
1171 1586 1265 1624 nihil
1295 1586 1397 1624 certi.
1454 1585 1607 1623 Summa
1638 1593 1694 1624 est

128 1667 227 1691 1111110
256 1653 492 1691 necessitudo
525 1653 621 1690 inter
648 1652 794 1703 Anglos
828 1657 864 1689 et
889 1651 1036 1696 Scotos,
1067 1665 1143 1689 non
1170 1651 1287 1688 solum
1313 1650 1476 1687 humana
1501 1651 1692 1691 societate,

129 1718 194 1755 sed
222 1717 333 1755 etiam
362 1718 505 1755 coelesti
538 1718 675 1754 foedere
705 1717 857 1754 sancita.
916 1716 1029 1761 Quod
1060 1716 1091 1753 si
1123 1716 1213 1753 illud
1246 1715 1361 1752 etiam
1396 1715 1564 1759 accedat,
1596 1716 1694 1766 quod

130 1795 329 1832 speramuS,
363 1783 532 1832 quodque
558 1782 738 1832 cupimus,
769 1781 814 1818 de
845 1780 1003 1818 Critone
1034 1786 1071 1817 et
1102 1780 1275 1830 Glycerio
1304 1785 1404 1816 reete
1434 1779 1515 1816 erit.
1568 1779 1694 1831 Atque

130 1846 270 1883 utinam
294 1860 339 1883 ne
364 1846 414 1883 illi
438 1847 475 1883 id
504 1846 721 1897 impediant,
741 1846 803 1896 qui
829 1858 897 1882 nec
923 1844 1032 1882 nobis
1056 1858 1126 1882 nec
1151 1844 1222 1881 illis
1248 1844 1343 1881 bene
1362 1844 1504 1882 volunt.
1554 1844 1692 1882 Verum

128 1911 200 1948 ista
225 1909 342 1948 adhuc
368 1910 541 1948 inchoata
564 1916 706 1947 tantum
733 1915 830 1955 sunt,
856 1916 893 1946 et
922 1910 1035 1947 cruda
1059 1907 1358 1960 quodammodo;
1388 1913 1476 1958 post
1503 1908 1694 1945 audiemus

130 1974 255 2011 onmia
285 1975 449 2012 clariora.
504 1974 717 2025 Pamphilus
749 1974 915 2012 nondum
947 1974 1069 2017 rediit,
1103 1973 1211 2010 datus
1246 1978 1302 2010 est
1337 1971 1485 2009 Critoni
1520 1985 1645 2010 comes
1675 1986 1695 2009 a

129 2038 315 2088 Glycerio.
380 2039 459 2084 Ille,
490 2045 530 2075 ut
562 2044 698 2089 potest,
737 2039 863 2076 scribit
899 2038 1082 2075 interdum
1119 2038 1166 2075 ad
1202 2050 1274 2082 me,
1313 2043 1351 2073 et
1380 2042 1505 2087 sperat
1539 2036 1618 2074 fore
1652 2042 1691 2074 ut

128 2103 305 2140 volumus.
369 2104 554 2154 Quicquid
573 2110 641 2148 est,
665 2103 769 2140 Crito
788 2117 865 2140 non
885 2103 954 2140 erit
973 2104 1009 2140 in
1028 2115 1144 2140 mora.
1195 2102 1333 2140 Succus
1352 2107 1588 2152 exspectatur
1605 2115 1690 2139 eum

127 2179 321 2204 numerosa
341 2167 468 2211 classe,
491 2167 658 2217 princeps
682 2175 828 2218 potens,
849 2173 886 2204 et
912 2168 1014 2205 dives
1041 2167 1197 2218 argenti,
1219 2173 1256 2204 et
1281 2166 1320 2203 in
1346 2166 1519 2204 faciendo
1543 2172 1691 2217 sumptu

127 2231 361 2279 perliberalis.
415 2231 486 2268 Sed
517 2230 658 2268 habitat
689 2232 802 2281 longe
830 2231 1021 2281 gentium3
1061 2237 1099 2268 et
1127 2244 1192 2282 per
1219 2230 1393 2280 hyemem
1419 2229 1537 2267 maria
1564 2230 1690 2267 omnia

127 2301 312 2343 coguntur
329 2295 475 2345 frigore,
494 2301 535 2332 ut
552 2309 644 2332 neve
663 2296 837 2333 accedere
857 2296 904 2332 ad
923 2309 993 2332 nos
1012 2295 1142 2346 possit,
1162 2308 1256 2332 neve
1277 2295 1322 2332 ad
1342 2308 1382 2331 se
1400 2294 1533 2331 redire.

204 2358 355 2395 Gallicis
387 2359 466 2396 istis
499 2359 715 2396 tumultibus
754 2360 857 2396 Deus
893 2360 1090 2410 aliquando
1127 2360 1297 2410 imponat
1334 2358 1447 2395 finem
1479 2358 1690 2408 optabilem,

128 2427 163 2457 et
187 2421 370 2459 Guisanos
396 2423 534 2460 furores
560 2429 597 2460 et
622 2424 911 2461 consceleratam
936 2424 1142 2475 nequitiam
1167 2422 1353 2473 reprimat.
1410 2422 1485 2459 Dei
1509 2422 1690 2460 beneficio

127 2486 222 2534 apud
249 2499 318 2522 nos
341 2487 465 2523 onmia
493 2487 688 2536 tranquilla
713 2493 810 2531 sunt,
835 2500 912 2524 non
941 2493 1088 2524 tantum
1114 2488 1159 2524 de
1184 2487 1380 2537 religione,
1406 2486 1472 2523 sed
1502 2486 1615 2524 etiam
1645 2487 1690 2524 de

125 2548 322 2597 republica.
378 2550 512 2587 Messis
539 2551 690 2601 eopiosa
719 2556 800 2594 est;
837 2563 1019 2589 messores
1047 2557 1192 2589 tantum
1217 2551 1362 2588 desunt.
1418 2550 1575 2595 Tamen,
1606 2551 1692 2601 quia

126 2612 252 2648 Gallus
288 2613 418 2649 dicitur
447 2627 586 2651 armare
622 2615 790 2659 classem,
823 2621 860 2652 et
892 2617 1019 2653 neseio
1053 2630 1144 2667 quas
1175 2615 1401 2666 irruptiones
1434 2614 1613 2658 minitari,
1641 2628 1688 2651 no

125 2675 212 2725 quid
238 2676 343 2712 nobis
368 2677 529 2726 periculi,
560 2684 598 2714 ut
624 2679 677 2721 fit,
701 2685 844 2716 creetur
867 2693 912 2716 ex
935 2680 1149 2730 improviso,
1175 2680 1340 2717 delectus
1361 2678 1514 2716 facimus
1538 2678 1688 2728 passim,

124 2745 161 2775 ot
185 2739 353 2783 militem,
378 2740 406 2776 si
430 2741 514 2790 quid
534 2755 625 2792 opus
644 2742 725 2787 erit,
744 2742 922 2780 habemus
944 2744 983 2781 in
1007 2745 1210 2795 procinctu,
1266 2744 1352 2793 Ego
1369 2748 1510 2787 tamen,
1531 2748 1573 2779 ut
1589 2755 1688 2779 nunc

124 2809 209 2839 sunt
236 2808 414 2853 tempora,
444 2805 504 2841 vix
533 2812 623 2855 puto
652 2807 705 2843 illi
731 2812 876 2844 tantum
906 2822 986 2846 esse
1015 2809 1083 2846 otii
1112 2822 1134 2846 a
1162 2822 1202 2846 re
1231 2821 1308 2852 sua,
1339 2812 1381 2844 ut
1408 2813 1535 2844 nostra
1566 2818 1690 2843 curare

123 2867 253 2917 possit.
309 2868 436 2905 Habes
463 2875 600 2907 nostra.
657 2871 715 2908 De
737 2871 838 2908 ι111110
863 2884 947 2909 11160
971 2878 1109 2923 tuoque
1139 2872 1269 2909 desino
1291 2870 1471 2921 polliceri.
1526 2869 1689 2907 Tantum

124 2932 266 2969 veniat:
306 2932 409 2969 novit
432 2932 549 2970 viam:
588 2933 681 2971 nihil
707 2935 760 2972 illi
789 2949 810 2973 a
836 2948 896 2973 me
925 2937 1052 2975 deerit.
1111 2937 1194 2974 Imo
1223 2936 1311 2987 quid
1341 2948 1412 2986 ego
1442 2935 1546 2972 illum
1575 2934 1689 2986 jubeo
