1954 3228
233 170 316 210 '120
420 178 633 206 nmirxnus
668 175 915 203 cmx-ouans
952 173 1005 198 :in
1042 170 1249 197 iii-:xmcUM
1283 168 1584 195 Blll,th-='GERU}·1.
1656 153 1801 209 [Erxsr.

314 299 370 336 De
400 297 508 334 rebus
543 294 696 332 Gallicis
727 297 765 328 et
802 289 969 339 Belgicis
1005 288 1082 325 scio
1114 299 1180 324 vos
1216 285 1370 323 subinde
1405 284 1578 323 certiores
1610 283 1700 320 fieri.
1757 281 1803 320 In

234 363 358 400 Scotia
389 373 497 398 novae
529 358 649 395 turbae
680 368 798 406 nuper
827 358 971 391 exortae
1001 357 1099 389 sunt.
1166 349 1337 388 Secundo
1371 349 1468 388 Maii
1499 347 1612 398 elapsi
1642 346 1803 395 Regina,

235 438 318 476 quae
346 425 384 461 in
417 436 499 460 arce
532 422 602 458 sita
638 421 675 457 in
713 419 795 456 lacu
828 417 973 454 Levino
1008 414 1155 465 captiva
1186 414 1433 458 detinebatur,
1467 411 1649 462 corruptis
1680 415 1806 448 custo-

235 489 338 526 ‹libus
373 486 489 523 evasit
516 498 561 522 ex
596 495 753 527 carcere,
783 487 820 518 et
854 480 901 517 ad
934 491 1055 516 arcem
1087 477 1361 516 Hamiltoniam
1393 476 1573 526 confugit,
1607 479 1719 525 atque
1755 472 1807 509 ibi

235 551 370 588 milites
408 549 571 599 collegit.
626 549 673 584 13
704 545 799 583 Maii
829 543 938 593 regni
965 542 1190 592 gubernator
1217 540 1427 593 (regentem
1453 537 1622 589 vocant),
1648 536 1806 574 collecto

236 614 409 658 vxercitu,
433 625 518 650 cum
543 612 589 648 iis
615 610 677 661 qui
697 623 718 646 a
740 607 890 658 Regina
907 607 1056 644 stabant
1075 605 1146 643 levi
1165 605 1297 655 proelio
1317 604 1498 641 conflixit.
1555 603 1585 641 F
1587 607 1721 652 ugatus
1749 605 1807 636 est

235 678 416 716 exercitus
446 675 621 726 Reginae.
678 671 892 711 Desiderati
920 674 1005 708 sunt
1033 669 1178 707 circiter
1206 674 1357 706 centum
1373 681 1389 719 :¹
1410 667 1540 705 ceteris
1564 664 1806 716 fugientibus,

235 742 295 792 «lui
318 742 364 778 ad
390 752 503 777 unum
532 738 646 776 deleri
668 740 878 788 potuerant,
900 734 1081 785 parcitum
1104 739 1170 770 est.
1228 732 1316 782 Ipsa
1340 744 1439 777 vero,
1466 730 1591 782 paucis
1616 729 1806 771 comitata,

236 804 407 855 confugit
434 804 480 841 ad
514 816 627 847 mare,
658 807 695 839 et
728 812 933 838 conscensa
961 811 1073 849 parva
1100 796 1270 834 navicula
1298 801 1500 846 angustum
1528 794 1676 837 fretum,
1708 791 1808 842 quod

236 875 292 906 cst
316 869 362 905 ad
390 867 510 904 Solvei
542 865 705 903 fluminis
730 864 836 908 ostia,
867 861 1025 912 trajecit,
1054 866 1092 897 ct
1118 860 1165 897 ad
1193 859 1382 897 civitatem
1413 858 1694 901 Carliolensem,
1721 867 1808 905 quae

239 939 294 969 cst
322 932 361 969 in
393 937 521 969 nostro
548 943 678 980 regno,
710 927 889 979 pervenit.
961 925 1007 963 In
1042 937 1124 961 arce
1160 923 1258 961 illius
1293 923 1392 960 urbis
1424 921 1543 959 adhuc
1571 925 1710 965 manet,
1744 918 1808 956 sed

238 1004 361 1033 tamen
384 995 451 1032 sub
475 994 680 1032 honorifica
707 991 886 1030 custodia.
941 988 1091 1039 Regina
1120 987 1258 1025 Scotiae
1289 987 1382 1038 petit
1404 1000 1426 1023 a
1447 985 1555 1023 nobis
1586 983 1736 1028 auxilia,
1770 989 1812 1019 ut

240 1060 450 1099 restituatur
485 1059 523 1096 in
555 1070 725 1109 regnum,
756 1055 855 1107 quod
881 1059 983 1091 metu
1019 1051 1080 1104 (ut
1113 1050 1184 1102 ait)
1215 1057 1345 1089 coacta
1373 1050 1448 1087 filio
1480 1048 1707 1099 resignavit;
1747 1053 1812 1084 aut

242 1126 369 1163 saltem
406 1130 447 1161 ut
483 1124 521 1161 in
559 1123 699 1161 Gallias
734 1126 815 1158 tuto
851 1118 1030 1162 mittatur,
1069 1122 1111 1154 ut
1145 1115 1197 1153 ibi
1234 1116 1439 1153 amicorum
1482 1114 1594 1151 fidem
1631 1111 1810 1162 exploret.

244 1190 273 1226 Ε
302 1194 434 1226 contra
462 1200 630 1239 proceres
654 1186 793 1224 Scotiae
821 1188 953 1235 petunt
983 1195 1048 1233 per
1077 1181 1235 1232 legatos,
1261 1187 1302 1217 ut
1334 1180 1426 1230 ipsis
1459 1178 1581 1216 denuo
1610 1177 1657 1214 ad
1689 1181 1812 1213 custo-

242 1254 337 1290 ‹liam
373 1253 550 1297 tradatur,
592 1250 787 1300 indignum
824 1252 1042 1293 asserentes,
1083 1251 1125 1283 ut
1161 1246 1293 1283 iterum
1331 1249 1478 1294 regnet,
1516 1255 1601 1293 quoe
1639 1246 1677 1278 et
1711 1240 1812 1290 regis

243 1317 362 1355 mariti
389 1329 521 1354 necem
553 1314 774 1366 procuravit,
811 1319 848 1351 et
879 1318 1011 1364 postea
1046 1324 1129 1349 cum
1168 1310 1250 1361 ipso
1281 1308 1450 1359 regicida
1484 1305 1721 1349 Bothwellio‚
1751 1303 1811 1341 cui

242 1381 362 1419 adhue
394 1393 486 1418 uxor
517 1380 555 1418 in
585 1380 679 1418 vivis
711 1385 801 1424 erat,
834 1376 1051 1415 adulterinis
1083 1375 1222 1426 nuptiis
1257 1386 1337 1411 sese
1371 1371 1578 1422 conjunxit.
1635 1369 1737 1414 Quid
1764 1368 1812 1405 de

244 1446 321 1484 istis
342 1451 535 1490 statuetur,
555 1444 675 1482 adhuc
693 1443 891 1481 nescimus.
943 1441 1129 1479 Dominus
1148 1439 1273 1477 onmia
1292 1439 1330 1475 in
1348 1438 1488 1475 bonum
1507 1435 1645 1473 vertat!
1695 1433 1813 1479 Quid-

243 1511 330 1561 quid
355 1510 436 1556 erit,
468 1510 498 1547 si
530 1509 715 1547 Dominus
742 1507 858 1545 vitam
886 1506 1040 1551 dederit,
1075 1505 1230 1542 efficiam
1264 1509 1305 1540 ut
1334 1513 1553 1553 cognoscas.
1617 1499 1665 1536 D.
1698 1497 1811 1535 Gual-

242 1583 361 1612 terum
388 1581 426 1612 et
455 1579 597 1613 ceteros
625 1573 754 1611 fratres
784 1584 850 1609 oro
879 1576 920 1607 ut
946 1583 1032 1607 meo
1054 1569 1205 1607 nomine
1232 1568 1377 1605 salutes.
1445 1564 1630 1603 Dominus
1657 1569 1694 1600 te
1723 1574 1810 1599 con—

242 1647 374 1685 servet,
400 1639 455 1676 vir
482 1652 566 1677 vere
595 1638 633 1676 in
665 1636 832 1675 Domino
864 1633 1079 1679 reverende,
1110 1639 1148 1671 et
1175 1632 1287 1671 frater
1319 1629 1526 1669 carissime!
1584 1626 1758 1672 Londini,
1787 1628 1810 1663 9

242 1704 359 1751 Junii,
391 1705 502 1743 1568.

766 1764 1027 1806 Deditissimus
1056 1764 1121 1804 tibi
1151 1764 1190 1805 in
1220 1765 1399 1811 Domino,

1130 1867 1260 1908 EDM.
1296 1863 1661 1908 GRINDALLUS,

1389 1941 1565 1992 Episcop.
1594 1938 1765 1977 London.

329 2093 454 2146 Quum
482 2099 571 2136 istas
594 2104 713 2133 essem
741 2089 1016 2139 obsignatu1¹iiS‚
1046 2079 1302 2121 renunciatum
1329 2082 1385 2114 est
1412 2073 1517 2118 mihi,
1548 2073 1679 2110 ducem
1707 2070 1819 2108 Alba-

253 2178 341 2204 num
370 2163 554 2203 Bruxellis
593 2163 614 2197 5
646 2159 758 2209 liujus
794 2152 934 2192 mensis
970 2147 1144 2187 comitem
1179 2141 1465 2193 Egmondanum
1502 2143 1540 2175 et
1571 2136 1743 2173 Hornum
1777 2147 1821 2171 ac

255 2230 398 2267 circiter
428 2226 561 2278 viginti
590 2225 682 2262 alios
713 2219 856 2259 nobiles
884 2213 1033 2266 capitali
1059 2209 1240 2261 supplicio
1266 2204 1444 2244 affecisse.
1509 2200 1678 2252 Apparet
1704 2198 1822 2235 homi·

257 2307 340 2331 nem
367 2298 499 2330 natura
525 2289 615 2327 satis
642 2288 815 2328 ferocem,
845 2279 979 2332 proelio
1011 2277 1074 2314 illo
1105 2287 1188 2313 cum
1218 2268 1409 2310 Ludovico
1440 2264 1685 2304 Nassoviensi
1710 2275 1824 2313 prope

258 2357 489 2406 Groningam
527 2352 723 2391 infeliciter
758 2345 972 2389 commisso,
1008 2341 1191 2379 irritatum
1228 2349 1273 2373 eo
1310 2330 1538 2371 crudelitatis
1573 2327 1823 2366 descendisse.

262 2421 397 2458 Amisit
419 2425 542 2456 autem
569 2417 609 2454 in
637 2428 682 2453 eo
707 2412 841 2464 proelio
870 2409 1036 2447 Albanus
1065 2404 1319 2453 Hispanorum
1346 2397 1403 2448 (ut
1430 2391 1563 2444 fertur)
1597 2393 1670 2430 duo
1697 2390 1826 2434 millia,

263 2492 300 2522 vt
326 2484 539 2522 Wallonum
570 2479 630 2531 (ut
650 2475 803 2527 vocant)
831 2475 913 2512 tria.
983 2469 1243 2508 Occubuerant
1270 2463 1383 2500 etiam
1409 2459 1459 2497 ibi
1488 2470 1613 2495 comes
1639 2456 1685 2493 ab
1709 2454 1829 2492 Oreu-

264 2549 369 2597 burg,
400 2552 437 2583 et
457 2543 617 2595 Hispani
643 2543 755 2579 duces
779 2539 946 2588 insignes
973 2532 1152 2573 nonnulli.
1209 2525 1478 2578 Egmondanus
1496 2519 1720 2558 monachum
1741 2531 1828 2555 con-

269 2611 443 2648 fessorem
469 2607 627 2651 admisit,
652 2611 689 2643 et
720 2615 865 2641 crucem
893 2602 930 2638 in
958 2599 1040 2650 ipso
1070 2593 1239 2646 supplicii
1270 2592 1351 2628 loco
1384 2586 1559 2625 adoravit.
1617 2585 1754 2622 Comes
1782 2582 1829 2619 ab

275 2675 378 2711 Horu
404 2673 487 2709 haec
521 2671 646 2709 omnia
673 2667 824 2718 respuit,
851 2671 889 2702 et
913 2664 951 2701 in
982 2675 1066 2700 vcra
1090 2657 1322 2699 confessione
1350 2657 1514 2690 mortuus
1543 2655 1609 2687 est.

628 2768 882 2796 mscmr‘mo.

379 2825 586 2863 Reverendo
611 2825 652 2859 in
682 2821 844 2864 Christo,
875 2819 923 2855 D.
942 2817 1110 2853 Heme-0

430 2889 664 2936 Bullitzgero,
706 2887 864 2922 ecclesiae
911 2881 1106 2928 Tigurina?

435 2953 607 2989 ministro
642 2950 868 3000 fidelissimo
911 2949 944 2982 et
981 2944 1107 2994 fratri

432 3017 635 3053 carissimo.
