1845 3233
149 138 232 179 156
423 148 614 177 aicAnnus
648 148 772 176 coxus
806 148 860 174 An
892 146 1099 173 HENRICUM
1134 145 1427 173 BULLINGERUM.
1564 130 1705 187 [Epist.

696 284 993 327 EPISTOLA
1025 283 1147 326 CIII.

318 423 558 455 RlCARDUS
589 423 743 455 COXUS
771 423 838 454 AD
868 422 1126 454 HENRICUM
1159 420 1527 453 BULLINGERUM.

222 489 358 527 SALVE
374 487 569 538 plurimum
585 487 624 525 in
640 487 803 534 Christo,
820 488 943 526 frater.
985 487 1132 525 Literas
1146 492 1228 524 tuas
1246 486 1373 523 multis
1390 485 1604 523 nominibus
1619 483 1709 521 mibi

145 553 386 605 gratissimas,
406 565 498 603 quas
518 554 564 589 12
586 551 716 590 Martii
733 552 887 603 scriptas
905 552 1019 590 fuisse
1034 551 1237 602 significas,
1258 551 1305 588 ad
1323 550 1435 587 finem
1452 550 1592 587 mensis
1613 549 1707 586 Maii

144 617 268 668 accepi
288 631 296 661 ;
326 629 372 654 ex
397 616 532 667 quibus
555 616 726 666 intelligo
749 617 871 654 nullos
890 616 1068 654 hactenus
1088 621 1126 653 te
1151 614 1337 665 accepisse
1361 613 1504 651 libellos
1522 613 1582 651 hic
1610 613 1710 664 typis

144 694 312 724 excusos,
333 693 425 730 quos
444 686 569 717 contra
584 679 720 717 bullam
733 680 952 731 papisticam
968 679 1184 718 doctissime
1202 684 1240 716 et
1252 677 1483 729 pientissime
1503 677 1710 728 scripseras.

145 745 236 784 Misi
263 744 433 794 equidem
454 744 500 781 ad
523 743 707 781 nundinas
733 743 1041 781 Francfordianas
1066 742 1295 781 autumnales
1319 747 1357 778 et
1376 741 1511 785 literas,
1537 747 1574 778 et
1599 741 1711 778 libros

143 815 309 861 quatuor,
329 812 367 845 et
392 808 597 858 pauxillum
623 807 794 858 pecuniae
822 808 860 845 in
888 821 993 845 usum
1022 813 1126 844 tuum
1156 812 1194 844 et
1210 805 1301 844 Julii
1324 805 1451 843 nostri.
1507 804 1708 842 Pecuniam

143 874 315 912 traditam
334 872 447 910 fuisse
473 872 657 922 intelligo,
677 872 743 909 sed
761 872 887 910 literas
906 877 943 910 et
961 872 1074 910 libros
1092 871 1210 909 adhuc
1228 870 1369 908 haerere
1388 870 1427 907 in
1445 869 1505 907 via
1523 869 1708 920 significa-

142 946 219 977 tum
239 942 305 976 est.
358 937 497 976 Iterum
517 936 632 987 igitur
648 936 757 974 mitto
776 950 894 988 pauca
911 936 1148 988 exemplaria,
1169 935 1310 987 quibus,
1331 935 1360 972 si
1380 934 1452 972 alia
1471 947 1546 971 non
1561 947 1709 984 recepe-

141 1004 203 1048 ris,
223 1002 277 1039 uti
296 1002 418 1039 liceat.

221 1066 320 1111 Quae
356 1070 480 1103 autem
513 1065 642 1103 scribis
673 1079 782 1111 nova,
819 1065 920 1103 Deus
952 1063 1114 1116 optimus
1149 1062 1332 1100 maximus
1363 1067 1482 1099 vertat
1512 1060 1638 1099 omnia
1673 1060 1711 1097 in

140 1130 377 1171 commodum
404 1136 572 1168 nostrum
595 1136 632 1168 et
658 1131 695 1168 in
716 1130 879 1167 nominis
905 1129 961 1166 sui
989 1128 1166 1179 gloriam!
1212 1127 1359 1177 Volupe
1382 1126 1491 1163 nobis
1517 1131 1585 1170 est,
1611 1124 1709 1176 quod

143 1195 312 1234 ecclesiae
336 1200 471 1232 vestrae
498 1200 643 1245 pacatae
665 1200 763 1239 sunt,
783 1207 859 1231 non
887 1193 966 1231 sine
994 1191 1208 1230 accessione
1234 1190 1385 1227 aliarum
1408 1189 1644 1227 ecclesiarum
1665 1189 1711 1226 ad

143 1261 321 1298 sinceram
342 1258 554 1296 christianae
573 1258 766 1309 religionis
784 1257 1064 1309 professionem.
1113 1255 1210 1293 Cum
1237 1253 1383 1291 dabitur
1410 1253 1552 1304 regiam
1577 1253 1710 1303 majes-

143 1331 256 1362 tatem
277 1323 485 1368 convenire,
505 1336 582 1361 non
608 1336 672 1361 ero
691 1323 888 1360 immemor
914 1321 984 1373 ipsi
1011 1321 1208 1364 declarare,
1234 1324 1372 1369 quanto
1398 1318 1497 1355 illam
1525 1318 1648 1356 studio
1673 1324 1710 1355 et

142 1387 401 1427 benevolentia
418 1387 662 1438 prosequaris.
717 1386 966 1425 Vehementer
990 1385 1043 1423 illi
1066 1384 1206 1435 placuit
1229 1389 1315 1420 tuus
1340 1382 1400 1419 ille
1419 1382 1562 1420 libellus
1581 1387 1711 1419 contra

142 1453 297 1491 bullatas
333 1465 467 1502 nugas,
506 1465 615 1502 quem
660 1451 870 1488 avidissime
905 1449 1075 1501 perlegit,
1112 1447 1424 1501 quemadmodum
1463 1446 1711 1498 superioribus

140 1517 267 1562 literis,
297 1517 460 1554 nondum
489 1516 557 1553 tibi
584 1515 742 1560 traditis,
773 1515 992 1566 significavi.

218 1582 277 1620 De
304 1580 400 1618 bello
428 1580 584 1618 Turcico
612 1579 685 1618 hoc
711 1585 858 1618 tantum
887 1580 989 1618 dico:

387 1660 493 1699 Tunc
521 1666 585 1698 tua
612 1674 671 1698 res
699 1660 836 1712 agitur,
863 1660 985 1712 paries
1013 1672 1096 1697 cum
1124 1658 1315 1710 proximus
1342 1657 1457 1695 ardet.

142 1742 336 1780 Hactenus
372 1741 613 1779 antichristus
644 1741 769 1778 extitit
805 1753 921 1791 papa:
971 1739 1071 1790 quod
1107 1738 1137 1776 si
1170 1739 1338 1781 alterum,
1377 1750 1512 1787 nempe
1540 1735 1711 1781 Turcam,

140 1806 302 1843 excitare
331 1805 486 1843 voluerit
512 1805 710 1851 Dominus,
736 1805 776 1843 id
802 1810 987 1843 merentur
1013 1809 1168 1854 peccata
1191 1807 1331 1840 nostra.
1388 1801 1462 1837 Res
1489 1805 1630 1838 nostrae
1659 1800 1713 1838 sic

141 1870 288 1907 habent.
336 1870 424 1908 Dux
442 1868 700 1920 (Norfolciae),
721 1869 784 1920 qui
805 1869 967 1920 Reginae
987 1873 1128 1906 nostrae
1147 1866 1300 1905 insidias
1318 1864 1542 1915 nequissime
1561 1864 1713 1902 molitus

139 1935 269 1979 fuerat,
289 1934 422 1972 merito
443 1934 626 1986 supplicio
645 1934 800 1972 affectus
820 1938 886 1972 est.
934 1932 1069 1977 Maria,
1087 1932 1283 1969 Scotorum
1296 1943 1413 1980 nuper
1429 1929 1574 1980 regina,
1594 1928 1712 1966 hostis

137 1997 244 2048 regni
262 2004 402 2036 nostrae
421 2004 459 2036 et
475 1998 636 2048 Reginae
655 1997 801 2048 publice
817 1997 1033 2041 declaratur,
1055 2000 1092 2033 et
1109 2007 1255 2033 carcere
1270 1993 1470 2043 diligenter
1487 1999 1710 2031 asservatur:

139 2076 224 2113 quae
256 2062 404 2112 quidem
432 2069 471 2100 et
503 2063 622 2100 nostri
649 2062 755 2113 regni
783 2061 1062 2099 demolitionem
1089 2065 1126 2097 et
1154 2059 1298 2109 reginae
1329 2063 1468 2096 nostroe
1494 2058 1712 2096 internecio-

139 2140 223 2165 nem
242 2132 280 2163 et
296 2126 489 2177 religionis
509 2132 650 2164 nostrae
670 2125 948 2164 subversionem
967 2125 1090 2163 modis
1110 2124 1285 2162 omnibus
1302 2122 1561 2160 meditabatur.

216 2191 274 2228 De
301 2197 439 2241 nepote
464 2197 528 2228 tuo
555 2190 733 2240 Zuinglio
759 2190 856 2227 malo
882 2203 1000 2241 pauca
1021 2189 1156 2234 dicere,
1183 2200 1294 2238 quam
1321 2199 1404 2224 cum
1430 2187 1556 2224 dolore
1581 2187 1710 2225 multa.

139 2255 213 2292 Res
231 2255 441 2292 mortalium
456 2268 534 2292 non
554 2260 681 2293 nostro
701 2254 865 2299 arbitrio,
881 2254 946 2291 sed
965 2253 1091 2291 divina
1107 2251 1352 2304 providentia,
1371 2257 1560 2302 reguntur.
1609 2251 1711 2289 Con-

136 2318 228 2355 ditio
261 2317 448 2369 Rodolphi
486 2319 598 2369 longe
628 2318 854 2364 felicissima,
886 2330 1109 2369 quamquam
1146 2315 1265 2354 carnis
1294 2315 1450 2353 affectus
1485 2315 1538 2352 illi
1570 2313 1708 2353 insulse

137 2381 357 2419 adversetur.
396 2382 573 2433 Denique
592 2382 784 2420 ferendum
799 2387 866 2427 est,
885 2395 960 2419 non
979 2380 1217 2432 culpandum,
1237 2380 1336 2430 quod
1354 2379 1462 2418 vitari
1480 2392 1557 2417 non
1575 2385 1709 2430 potest.

140 2445 321 2483 Dominus
337 2446 361 2483 J
365 2459 449 2484 esus
469 2445 644 2484 Christus
662 2452 698 2484 te
717 2446 923 2484 diutissime
942 2445 1050 2483 nobis
1066 2450 1185 2483 servet
1201 2443 1436 2488 incolumem,
1456 2443 1566 2482 frater
1585 2445 1708 2482 obser-

138 2509 275 2546 vande!
333 2509 494 2547 Londini
514 2523 560 2548 ex
579 2509 725 2548 aedibus
743 2509 838 2547 meis
859 2508 1195 2553 Holburnensibus,
1212 2511 1235 2545 6
1254 2508 1277 2546 J
1280 2507 1369 2553 unii,
1388 2509 1499 2544 1572.

408 2565 416 2570 ὴ
602 2573 672 2612 Tui
699 2574 1004 2620 studiosissimus,

784 2638 1058 2676 RlCARDUS
1089 2635 1282 2683 COXUS,
1310 2636 1474 2675 Eliensis
1502 2636 1708 2688 episcopus.

216 2712 336 2749 Statui
359 2712 501 2751 libellos
516 2714 561 2751 ad
577 2719 614 2751 te
633 2715 802 2760 mittere;
830 2714 895 2752 sed
913 2714 972 2752 hie
990 2720 1115 2752 noster
1129 2713 1280 2752 tabellio
1291 2713 1426 2759 literas,
1443 2726 1517 2751 non
1534 2713 1706 2758 sarcinas,

135 2776 291 2813 libenter
319 2781 455 2826 portat.
518 2776 626 2815 Alias
658 2778 827 2816 mittendi
865 2784 951 2816 sunt
986 2777 1067 2816 libri
1103 2778 1150 2816 ad
1185 2777 1369 2815 nundinas
1400 2776 1706 2816 Francfordianas

136 2838 337 2890 proximas,
367 2839 398 2877 si
426 2839 504 2878 fieri
533 2847 668 2891 potest.

553 2917 808 2944 1Nscmr'r10.

140 2969 485 3006 Observandissimo
512 2970 553 3005 in
581 2970 730 3007 Christo
758 2971 897 3020 fratri,
922 2970 974 3008 D.
997 2972 1165 3010 Hernico
1195 2973 1291 3010 Bul-

239 3033 398 3083 lingero,
418 3033 574 3070 ecclesiae
596 3034 790 3082 Tigurinae
817 3037 969 3084 pastori
986 3036 1289 3084 wgz'lantz'ssimo.
