1845 3233
121 166 146 204 4
684 166 889 194 JOHANNES
919 163 1088 190 JUELLUS
1540 140 1682 202 [EPIST.

118 291 275 334 Sandus,
302 290 466 331 Hormis,
493 286 629 335 aliique
648 282 765 320 nostri
789 279 945 317 fecerint
970 278 1008 314 in
1032 276 1185 326 Anglia,
1211 274 1306 312 nihil
1324 273 1445 311 adhuc
1463 272 1682 310 audivimus.

119 355 250 404 Neque
275 354 310 390 id
339 366 425 389 sane
449 351 593 387 mirum.
651 344 810 384 Profecti
837 344 935 380 enim
964 340 1174 390 Argentina
1200 339 1248 376 ad
1275 338 1491 376 vicesimum
1523 337 1682 387 primum

123 417 347 460 Decembris,
371 416 431 452 vix
456 413 630 451 vicesimo
659 415 745 460 post
770 408 829 445 die
854 411 1054 457 potuerunt
1083 403 1273 454 pervenire
1299 401 1556 452 Antverpiam,
1585 400 1683 450 quod

120 480 271 517 Rhenus
297 478 517 517 constrictus
543 475 662 526 glacie
687 473 832 509 illorum
855 469 1135 519 navigationem
1158 466 1366 517 impediret.
1424 466 1512 503 Hoc
1534 470 1682 501 tantum

117 543 297 587 audimus,
323 543 478 580 reditum
506 540 652 577 illorum
677 536 819 586 reginae
845 547 926 571 esse
951 531 1223 582 gratissimum
1252 531 1365 581 idque
1388 530 1489 568 illam
1512 542 1590 567 non
1616 529 1683 566 ob-

118 621 219 644 scure
248 620 325 657 prae
358 619 395 642 sc
428 605 530 642 serre.

198 671 235 707 Si
257 670 418 721 episcopi
438 671 594 719 pergant
612 677 721 716 porro
740 669 780 700 ut
799 666 1006 712 caeperunt,
1028 660 1097 697 erit
1115 659 1216 697 brevi
1241 672 1380 709 magna
1397 658 1521 696 vilitas
1540 658 1685 708 episco-

119 740 279 785 patuum.
337 733 488 770 Certum
517 732 614 767 enim
636 735 705 773 est,
733 725 1126 776 Christophersonum‚
1150 723 1315 761 rabulam
1340 722 1443 760 illum
1472 722 1685 760 Cieestren-

118 811 208 841 sem,
225 811 303 834 esse
323 802 524 840 mortuum3
552 794 649 844 quod
669 793 764 829 idem
785 791 830 828 de
844 791 1011 828 Vatsono
1027 802 1173 839 quoque
1190 787 1445 826 Lincolniensi
1464 787 1683 824 nunciatur:

119 862 216 912 quod
247 862 277 897 si
305 861 357 897 ita
381 866 451 904 est,
475 863 607 895 vacant
631 856 702 893 hoc
728 861 895 904 tempore
918 853 1155 904 episcopatus
1181 852 1472 902 quatuordecim.
1532 851 1685 888 Whitus

119 932 202 962 tuus
231 925 267 961 in
293 924 419 961 funere
435 922 591 970 ,Mai-ize,
616 918 926 970 quemadmodum
951 917 998 954 ad
1026 922 1063 954 tc
1089 916 1219 967 scripsi
1247 929 1333 953 cum
1361 929 1480 953 essem
1508 915 1683 959 Basilea·,

118 989 245 1026 habuit
263 988 309 1024 ad
328 987 503 1038 populum
524 986 691 1022 insanam
712 989 749 1020 et
767 981 1121 1019 turbulentissimam
1141 980 1384 1025 concionem;
1416 979 1542 1017 omnia
1559 979 1685 1030 potius

117 1051 293 1089 tentanda
326 1064 419 1095 esse,
457 1063 567 1100 quam
605 1054 645 1085 ut
684 1047 882 1097 quicquam
916 1046 962 1083 de
999 1045 1183 1095 religione
1218 1044 1500 1088 immutaretur3
1544 1044 1684 1081 bonum

117 1116 266 1159 factum,
301 1115 331 1151 si
360 1114 441 1164 quis
473 1113 599 1150 exules
632 1111 785 1149 reduces
817 1109 1055 1147 interfecerit.
1111 1107 1320 1145 Accusatus
1350 1114 1408 1145 est
1437 1108 1631 1145 seditionis
1663 1122 1687 1145 a

116 1179 327 1216 marchione
357 1177 592 1215 Vintoniensi
625 1175 867 1219 thesaurario,
900 1181 937 1211 et
972 1172 1102 1211 Hetho
1133 1172 1415 1224 archiepiscopo
1443 1173 1685 1210 Eboracensi.

117 1242 363 1280 Londinensis
387 1243 512 1291 jussus
537 1246 592 1278 cst
619 1239 772 1276 reddere
797 1238 1006 1276 haeredibus
1034 1238 1082 1275 D.
1109 1237 1246 1274 Ridlaei
1270 1250 1505 1288 quaecunque
1524 1237 1597 1274 illis
1621 1251 1688 1288 per

118 1308 190 1344 vim
214 1313 251 1343 et
276 1306 444 1356 injuriam
471 1305 664 1355 cripuerat.
718 1302 922 1341 Vocabitur
940 1303 1040 1339 brevi
1065 1302 1112 1338 ad
1130 1315 1252 1339 causze
1273 1301 1499 1345 dictionem;
1534 1302 1684 1339 interim

112 1371 262 1421 jubetur
298 1383 336 1406 se
373 1369 474 1407 domi
510 1369 710 1413 continere,
728 1373 904 1417 tanquam
926 1367 963 1403 in
990 1380 1146 1404 carcere.
1203 1365 1353 1415 Regina
1378 1366 1506 1410 edixit,
1532 1380 1580 1403 ne
1605 1367 1686 1417 quis

118 1434 251 1471 habeat
278 1434 494 1471 concionem
518 1433 562 1469 ad
587 1432 777 1483 populum,
805 1444 897 1468 neve
924 1430 1072 1481 papista
1093 1443 1188 1467 neve
1210 1430 1379 1467 minister
1397 1431 1593 1480 evangelii.
1642 1431 1685 1467 Id

119 1498 181 1535 alii
204 1498 339 1534 factum
364 1503 509 1548 putant,
534 1496 632 1547 quod
660 1509 745 1533 cum
766 1508 859 1532 unus
885 1500 1032 1531 tantum
1052 1500 1151 1531 esset
1174 1494 1343 1531 minister
1367 1494 1468 1531 verbi
1487 1501 1566 1531 tum
1591 1500 1685 1531 tem-

120 1561 218 1612 poris
245 1561 415 1605 Londini,
448 1561 687 1604 Benthamus,
717 1565 842 1596 tantus
869 1564 967 1596 esset
993 1572 1168 1595 numerus
1190 1558 1443 1608 papistaruni:
1483 1559 1557 1604 alii,
1586 1560 1685 1609 quod

121 1625 248 1662 audita
275 1639 347 1662 una
375 1631 518 1662 tantum
548 1623 745 1661 Benthaini
770 1623 917 1674 publica
941 1623 1137 1667 concione,
1163 1622 1322 1672 populus
1348 1623 1445 1659 inter
1468 1636 1507 1660 se
1533 1623 1686 1674 caeperit

120 1689 264 1738 litigare
291 1689 334 1725 de
354 1688 593 1732 ceremoniis;
621 1694 657 1724 ct
677 1688 738 1725 alii
757 1688 995 1725 Gencvenses
1014 1700 1094 1724 esse
1112 1687 1262 1731 vellent,
1288 1687 1350 1723 alii
1370 1687 1400 1723 F
1401 1686 1684 1724 rancofordiani.

123 1753 308 1802 Quicquid
340 1759 408 1797 est,
442 1753 581 1790 utinam
613 1765 658 1788 ne
690 1752 810 1789 nostri
841 1751 1011 1789 homines
1043 1751 1202 1788 nimium
1232 1750 1434 1801 prudenter
1465 1757 1502 1788 et
1532 1752 1685 1802 politice

122 1817 255 1853 versari
280 1816 393 1853 velint
422 1817 460 1854 in
487 1829 597 1854 causa
625 1816 719 1853 Dei!

202 1881 312 1917 Multi
336 1886 466 1930 putant
496 1881 541 1917 D.
572 1880 743 1930 Coquum
768 1880 845 1917 fore
876 1893 1056 1930 magnum
1085 1879 1369 1923 cancellarium;
1405 1879 1596 1917 hominem
1621 1881 1684 1918 bo—

124 1957 211 1980 num
250 1944 410 1994 quidem,
446 1950 482 1980 et
518 1945 631 1994 pium,
671 1944 724 1980 uti
761 1945 875 1989 nosti,
912 1945 976 1981 sed
1012 1944 1065 1980 illi
1102 1944 1259 1989 muneri,
1299 1957 1384 1980 meo
1415 1944 1571 1993 judicio,
1609 1958 1684 1982 non

123 2008 365 2057 aptissimum.
423 2008 580 2044 Eliensis
604 2007 721 2045 haeret
745 2008 864 2046 adhuc
890 2008 988 2058 apud
1014 2007 1240 2058 Philippum,
1272 2008 1360 2044 dum
1388 2007 1524 2057 aliquid
1549 2008 1594 2045 de
1617 2009 1688 2045 ista

124 2071 298 2121 prawlara
326 2086 428 2122 paee,
460 2072 489 2108 si
516 2072 597 2109 Deo
627 2073 758 2122 placet,
790 2072 1060 2121 transigatur;¹
1090 2085 1174 2123 quae
1200 2071 1331 2122 qualiS,
1359 2078 1423 2108 aut
1448 2085 1556 2122 quam
1583 2073 1688 2110 firma

123 2140 161 2171 et
185 2135 357 2171 diuturna
381 2135 501 2172 futura
526 2136 584 2189 sit,
615 2136 700 2172 θεῶν
726 2135 762 2173 ἐν
789 2135 939 2182 γούνασι
969 2142 1100 2173 κεῖται.
1158 2136 1205 2173 D.
1239 2135 1410 2180 Isabella,
1436 2149 1557 2187 spero,
1580 2150 1687 2174 voca-

124 2198 222 2234 bitur
250 2198 287 2234 in
313 2197 501 2247 Angliam.
557 2199 676 2236 Video
706 2199 805 2236 enim
833 2201 924 2237 alios
952 2214 1099 2250 quoque
1131 2206 1279 2237 nostros
1306 2198 1476 2236 homines
1510 2201 1556 2238 de
1582 2215 1625 2238 ea
1648 2215 1687 2238 re

123 2261 218 2298 serio
247 2262 421 2311 cogitare.
479 2264 525 2300 D.
556 2263 739 2300 Zanchius
768 2264 879 2301 etiam
908 2265 1043 2302 scribet
1073 2265 1118 2302 ad
1150 2265 1341 2314 reginam:
1377 2270 1457 2300 erat
1486 2265 1690 2315 scripturus

125 2325 171 2360 ad
201 2331 319 2362 totum
353 2326 644 2375 parliamentum,
674 2327 746 2364 nisi
777 2341 849 2377 ego
880 2328 1158 2373 dissuasissem3
1188 2329 1226 2365 id
1255 2329 1353 2365 enim
1381 2328 1473 2365 mihi
1497 2328 1690 2366 videbatur

126 2388 296 2426 alienum.
354 2389 574 2427 Cramnerus
600 2404 689 2441 puer
709 2391 858 2428 relictus
884 2399 939 2429 est
962 2392 1185 2443 Argentime
1212 2392 1307 2443 apud
1331 2391 1504 2436 Abelum,
1528 2399 1569 2430 ut
1592 2406 1687 2431 meze

127 2451 211 2487 fidei
236 2453 547 2490 connnitteretur:
577 2467 649 2503 ego
669 2455 714 2491 ab
734 2448 853 2492 Abelo
877 2462 1005 2493 mutuo
1028 2457 1165 2507 sumpsi
1185 2462 1382 2494 coronatos
1401 2457 1505 2505 pueri
1523 2457 1688 2494 nomine.

129 2516 205 2551 Oro
225 2515 376 2557 Julium,
401 2523 440 2553 ut
467 2517 645 2554 sarcinam
668 2524 705 2554 et
732 2519 938 2569 pecuniam,
966 2534 1077 2570 quam
1101 2520 1317 2571 reliquimus
1339 2526 1572 2557 numeratam
1592 2521 1688 2571 apud

128 2585 178 2621 te,
209 2578 254 2613 :ul
283 2578 383 2615 illum
415 2580 539 2616 mittat
571 2581 829 2631 Argentinam.
888 2584 952 2620 Ille
987 2585 1055 2621 tibi
1093 2585 1235 2622 curabit
1271 2584 1496 2628 cautionem,
1531 2598 1688 2635 eamque

129 2642 185 2677 vel
214 2642 374 2691 deponet
400 2644 496 2692 apud
527 2645 573 2682 D.
595 2645 812 2691 Zanchiunn
842 2648 911 2692 vel,
942 2648 972 2684 si
995 2649 1124 2693 mavis,
1152 2649 1198 2685 ad
1224 2654 1260 2685 te
1279 2648 1414 2685 mittet.
1472 2649 1576 2685 Bene
1595 2649 1688 2692 vale,

128 2705 179 2741 mi
210 2705 418 2742 dulcissime
449 2713 563 2755 pater,
594 2715 631 2744 et
662 2710 742 2759 plus
776 2724 884 2760 quam
914 2711 1027 2748 animi
1060 2712 1251 2749 dimidium
1286 2712 1372 2749 mei.
1440 2711 1541 2749 Nolo
1573 2713 1618 2749 ad
1651 2719 1689 2750 te

129 2768 276 2807 omnia:
307 2770 468 2818 oportuit
493 2771 590 2807 enim
616 2785 675 2808 me
701 2773 812 2810 etiam
839 2775 886 2811 ad
912 2775 959 2812 D.
987 2775 1244 2825 Bullingerum
1270 2776 1392 2826 aliqua
1421 2776 1600 2813 scribere:
1631 2778 1689 2814 cui

129 2846 199 2879 ego
228 2832 315 2875 viro,
345 2846 410 2882 pro
439 2847 579 2871 summa
607 2836 684 2884 ejus
711 2849 800 2885 erga
825 2850 884 2874 me
914 2837 1160 2883 humanitate,
1190 2839 1309 2876 debeo
1340 2840 1477 2877 onmia.
1532 2839 1604 2877 Sed
1633 2853 1688 2883 ea,

128 2909 357 2945 <411uw3unque
385 2902 482 2941 sunt,
511 2910 586 2934 non
615 2899 740 2936 dubito
768 2900 835 2937 tibi
864 2915 946 2938 cum
975 2903 1038 2939 illo
1065 2902 1143 2940 fore
1172 2904 1395 2941 communia.

653 2982 659 2998 ¹
680 2981 756 3009 Edit.
781 2983 871 3010 Burn.
897 2985 1097 3019 transfiyatur.
