1845 3233
134 108 272 167 XL111.]
437 126 646 152 JOHANNES
679 126 852 153 JUELLUS
885 126 941 153 AD
975 127 1139 154 PETRUM
1169 127 1414 155 MARTYREM.
1665 118 1720 160 59

661 274 963 317 EPISTOLA
1005 274 1186 318 XLIII.

346 424 606 457 JOHANNES
633 425 847 457 JUELLUS
875 426 944 458 AD
974 425 1179 457 PETRUM
1210 425 1513 459 MARTYREM.

212 493 416 532 SALUTEM
436 493 632 544 plurimam
651 495 691 532 in
712 493 877 533 Christo.
932 494 1169 532 Gratissimae
1197 494 1291 532 mihi
1318 495 1467 534 fuerunt
1487 496 1607 535 literae
1626 503 1718 543 tnae,

132 558 184 597 mi
207 565 325 609 pater,
351 572 429 597 non
455 559 575 597 solum
595 559 697 610 quod
715 565 842 597 essent
870 573 893 597 a
919 565 970 605 tc,
991 558 1097 609 cujus
1126 559 1254 597 omnia
1281 559 1375 598 mihi
1394 561 1531 598 debent
1554 575 1650 609 esse,
1679 572 1721 602 ut

131 629 229 668 sunt,
257 622 483 673 gratissima,
509 636 635 660 verum
664 623 777 661 etiam
805 624 904 674 quod
932 636 1083 661 omnem
1110 629 1247 661 statum
1272 625 1503 663 renascentis
1530 626 1569 664 in
1599 628 1721 667 Gallia

130 686 326 738 religionis
358 687 651 725 luculentissime
681 688 956 733 describerent;
991 687 1165 739 quodque
1196 701 1269 738 ego
1301 702 1376 735 me,
1406 703 1492 727 cum
1521 704 1584 728 eas
1617 692 1719 743 lege-

129 764 222 797 rem,
253 757 291 789 et
321 757 359 789 tc
387 751 440 789 ita
471 765 584 803 prope
613 752 743 790 abesse
775 752 923 798 scirem,
955 752 1107 804 propius
1139 752 1252 790 etiam
1286 753 1478 805 aliquanto
1510 761 1546 793 te
1581 757 1716 802 audire,

130 822 168 854 et
193 816 345 867 propius
371 822 497 854 tecum
522 817 683 867 colloqui
711 817 915 855 arbitrarer.
973 816 1074 854 Nam
1103 817 1273 868 quamvis
1299 831 1359 856 res
1388 819 1545 858 Gallicae
1575 822 1622 860 ad
1647 836 1717 860 nos

128 881 351 926 rumoribus,
379 887 422 918 ut
452 881 508 926 fit,
537 887 576 919 ct
603 882 745 919 nuntiis
777 880 1057 926 adferebantur;
1093 886 1219 919 tamen
1246 888 1284 920 et
1314 883 1502 930 certiores,
1530 890 1569 922 et
1595 887 1716 925 multo

128 946 241 984 etiam
269 945 508 996 jucundiores
534 946 627 984 visae
661 954 760 991 sunt,
790 945 890 996 quod
918 959 940 983 a
966 952 1004 983 te
1031 946 1291 993 scriberentur,
1320 948 1367 985 ab
1394 948 1460 986 illo
1492 952 1714 1000 praesertim,

128 1024 239 1062 quem
267 1024 340 1061 ego
368 1010 500 1049 scirem
529 1016 672 1061 partem
705 1010 852 1048 illarum
880 1009 995 1047 fuisse
1022 1010 1239 1048 maximam.
1297 1011 1411 1057 Quod
1442 1013 1584 1060 scribis,
1618 1015 1714 1062 illos,

129 1075 192 1126 qui
215 1088 337 1113 rerum
362 1075 568 1126 potiuntur,
592 1074 748 1113 omnino
770 1074 864 1112 velle
886 1074 1133 1112 mutationem
1156 1075 1196 1112 in
1221 1076 1404 1126 religione
1433 1077 1595 1128 aliquam
1621 1080 1714 1127 fieri,

128 1152 204 1177 non
237 1145 315 1177 tam
345 1139 470 1177 studio
504 1145 542 1177 et
574 1152 699 1177 amore
732 1139 894 1190 pietatis,
933 1152 1043 1190 quam
1074 1139 1174 1190 quod
1206 1140 1434 1191 papistarum
1469 1141 1630 1193 ineptias
1662 1147 1715 1183 vi-

128 1204 242 1242 deant
272 1204 382 1242 nimis
411 1217 492 1241 esse
520 1203 706 1248 ridiculas,
735 1203 909 1254 quodque
932 1216 1009 1240 non
1037 1209 1170 1254 putent
1198 1205 1376 1255 populum
1404 1206 1511 1244 aliter
1537 1221 1649 1258 posse
1674 1210 1714 1248 in

126 1269 250 1307 officio
275 1268 480 1313 contineri;
512 1267 691 1319 quicquid
719 1273 788 1312 est,
817 1280 1036 1318 quacunque
1063 1280 1176 1305 causa
1203 1268 1275 1306 ista
1303 1269 1407 1316 fiant,
1435 1272 1550 1309 modo
1578 1274 1713 1324 praedi-

126 1338 230 1370 catur
262 1332 447 1377 ChriStus‚
478 1332 554 1368 εἴτε
586 1329 792 1383 προφάσει,
821 1332 896 1368 εἴτε
928 1331 1096 1382 ἀληθείᾳ,
1130 1331 1188 1368 καὶ
1216 1332 1253 1370 ἐν
1288 1333 1412 1386 ’τούτῳ
1446 1338 1583 1388 χαίρω,
1613 1336 1717 1375 α’λλοὲ

125 1396 184 1434 καὶ
219 1395 453 1448 χαρήσομαι.
525 1395 669 1434 Tamen
706 1396 785 1433 fieri
824 1409 900 1433 non
938 1401 1075 1446 potest,
1113 1396 1204 1447 quin
1241 1397 1448 1448 disputatio
1490 1400 1553 1437 illa
1594 1408 1714 1442 vestra

125 1461 283 1499 multum
312 1467 350 1499 et
377 1460 613 1511 evangelium
640 1460 883 1510 promoverit,
913 1465 952 1497 et
987 1459 1215 1498 adversarios
1244 1462 1444 1500 adflixerit.
1501 1464 1615 1509 Quod
1647 1480 1713 1504 au-

125 1532 201 1563 tem
244 1525 387 1571 scribis,
434 1526 588 1563 interim
627 1524 815 1576 quoddam
853 1538 876 1562 a
914 1524 1136 1575 quibusdam
1175 1531 1214 1562 et
1250 1525 1475 1577 farraginem
1518 1530 1711 1581 religionis

124 1589 254 1640 quaeri,
289 1589 393 1627 Deus
425 1589 464 1627 id
493 1589 660 1626 avertat!
728 1588 816 1626 Scio
846 1601 975 1626 omnes
1008 1588 1047 1625 in
1076 1589 1267 1639 republica
1296 1603 1454 1641 magnas
1484 1595 1712 1633 mutationes

124 1653 274 1692 odiosas
312 1658 350 1691 et
386 1666 517 1704 graves
549 1666 644 1697 esse,
683 1658 721 1690 et
756 1653 874 1690 multa
912 1665 1013 1703 saepe
1052 1665 1075 1690 a
1111 1653 1342 1704 principibus
1378 1657 1557 1706 temporis
1600 1671 1713 1697 causa

122 1718 294 1763 tolerari;
342 1724 453 1770 atque
489 1718 581 1756 illud
616 1718 772 1756 fortasse
808 1718 854 1755 ab
890 1717 1000 1755 initio
1037 1729 1114 1755 non
1152 1718 1223 1755 fuit
1257 1718 1563 1758 incommodum:
1611 1735 1711 1762 nune

121 1796 221 1828 vero,
245 1788 443 1834 postquam
468 1783 589 1834 erupit
614 1783 679 1820 lux
706 1782 829 1820 omnis
859 1782 1059 1832 evangelii,
1086 1789 1268 1833 quantum
1298 1784 1447 1835 quidem
1468 1785 1550 1823 fieri
1572 1793 1711 1838 potest,

122 1847 284 1897 vestigia
319 1847 402 1897 ipsa
437 1847 570 1884 erroris
607 1860 682 1885 una
718 1860 803 1886 cum
839 1847 1044 1895 ruderibus,
1080 1855 1196 1900 utque
1227 1848 1345 1893 aiunt,
1382 1863 1467 1887 cum
1502 1851 1709 1901 pulvisculo

123 1911 321 1948 auferenda
344 1917 439 1949 sunt.
495 1911 608 1957 Quod
639 1911 782 1949 utinam
810 1925 881 1949 nos
912 1911 951 1949 in
981 1912 1053 1950 ista
1075 1915 1298 1964 λινοστολὶᾳ
1326 1913 1496 1952 obtinere
1523 1916 1709 1966 potuisse-

123 1976 222 2013 mus!
244 1988 332 2012 nam
350 1975 389 2013 in
409 1976 597 2027 dogmatis
616 1989 764 2027 prorsus
783 1976 912 2014 omnia
929 1976 977 2014 ad
995 1977 1121 2015 vivum
1138 1978 1402 2024 resecavimus,
1421 1984 1460 2016 et
1477 1993 1524 2016 ne
1543 1993 1708 2031 unguem

122 2039 272 2090 quidem
294 2039 410 2077 latum
438 2041 614 2078 absumus
638 2054 660 2078 a
687 2040 858 2078 doctrina
882 2046 1015 2078 vestra.
1078 2042 1137 2080 De
1162 2041 1372 2093 ubiquitate
1403 2043 1503 2080 enim
1532 2043 1627 2082 nihil
1654 2053 1713 2083 est

123 2103 183 2141 hie
210 2103 377 2154 periculi.
434 2104 492 2142 Ibi
517 2111 665 2142 tantum
697 2104 817 2142 audiri
846 2105 917 2142 ista
946 2111 1117 2156 possunt,
1142 2106 1205 2144 ubi
1231 2119 1322 2143 saxa
1349 2107 1512 2158 sapiunt.

204 2168 262 2205 De
283 2167 465 2205 Orothetc
485 2174 609 2206 autem
628 2174 694 2206 tuo
713 2182 762 2206 an
782 2182 856 2219 ego
874 2182 934 2206 me
953 2170 1022 2206 tibi
1041 2170 1162 2208 dicam
1181 2183 1291 2220 agere
1308 2172 1479 2221 gratias?
1526 2173 1709 2224 Equidem

123 2246 198 2270 non
213 2232 354 2277 dubito,
375 2233 463 2283 quin
484 2233 563 2283 ipse
583 2233 643 2270 ille
662 2245 772 2283 quem
792 2238 915 2278 notas,
935 2233 965 2271 si
985 2234 1093 2284 sapit,
1114 2248 1154 2272 se
1173 2235 1329 2272 multum
1350 2235 1417 2272 tibi
1438 2236 1572 2274 debere
1591 2244 1707 2288 putet.

123 2297 197 2334 Sed
216 2296 370 2334 fortasse
393 2297 547 2347 colliget
571 2297 730 2341 animos,
751 2304 789 2334 et
807 2298 1100 2348 patrocinabitur
1123 2312 1190 2336 suo
1211 2298 1416 2345 Pantacho,
1437 2306 1475 2338 et
1497 2314 1578 2339 sese
1604 2316 1707 2352 para-

121 2360 177 2398 bit
203 2361 249 2398 ad
272 2361 585 2412 respondendum,
607 2367 644 2398 et
669 2367 781 2412 teque
808 2368 988 2412 tuumque
1008 2363 1263 2401 Palaemoncm
1283 2364 1503 2414 repudiabit.
1562 2366 1707 2405 Laudes

120 2426 216 2472 illas,
245 2439 336 2475 quas
364 2431 403 2462 tu
430 2424 521 2462 mihi
551 2425 604 2462 ita
637 2426 823 2463 cumulate
854 2426 998 2471 tribuis,
1028 2440 1104 2464 non
1134 2441 1311 2477 agnosco.
1370 2429 1447 2466 Eas
1475 2435 1557 2467 tuas
1584 2432 1708 2481 potius

121 2503 201 2528 esse
222 2491 312 2536 scio,
333 2495 370 2526 et
395 2489 462 2527 tibi
487 2489 551 2526 uni
577 2490 723 2540 proprie
749 2490 958 2527 convenire.
1015 2491 1173 2537 Tamen,
1194 2498 1235 2529 ut
1257 2493 1310 2529 ait
1335 2493 1407 2538 ille,
1424 2494 1630 2543 jucundum
1651 2503 1708 2535 est

120 2554 185 2592 abs
212 2559 251 2590 te
279 2553 430 2600 laudari,
459 2554 510 2590 mi
538 2560 653 2604 pater,
681 2554 832 2591 laudato
854 2554 944 2591 viro.
1001 2555 1093 2592 Erat
1120 2556 1209 2593 illud
1237 2569 1314 2594 non
1342 2563 1418 2594 tam
1446 2559 1577 2608 judicii
1603 2561 1706 2597 testi-

120 2619 300 2663 monium,
328 2631 439 2669 quam
469 2618 606 2655 amoris
633 2630 721 2668 erga
745 2631 806 2656 me
829 2618 905 2662 tui3
937 2618 996 2656 cui
1021 2632 1106 2670 ego,
1132 2621 1201 2658 etsi
1226 2634 1303 2658 non
1325 2621 1406 2658 aliis
1431 2623 1551 2667 rebus,
1578 2629 1705 2662 tamen

119 2695 246 2720 amore
275 2689 374 2720 certe
403 2682 648 2733 respondebo.

195 2746 309 2798 Apud
336 2760 405 2784 nos
433 2747 478 2783 de
509 2746 693 2796 religione
724 2747 853 2785 onmia
888 2754 975 2785 sunt
1009 2754 1155 2799 pacata.
1223 2750 1404 2802 Episcopi
1434 2753 1597 2790 Mariani
1631 2767 1707 2791 ser-

118 2816 207 2848 vant
230 2811 373 2857 turrim,
392 2818 429 2848 et
449 2811 645 2861 antiquum
674 2811 860 2849 obtinent.
930 2812 1044 2857 Quod
1071 2813 1103 2851 si
1128 2813 1232 2863 leges
1260 2829 1371 2866 aeque
1397 2830 1496 2855 nunc
1520 2817 1704 2867 vigerent,

117 2880 228 2925 atque
253 2876 341 2913 olim
365 2876 431 2913 sub
457 2875 640 2920 Henrieo,
667 2875 779 2913 facilc
806 2877 1104 2915 succumberent.
1162 2878 1232 2915 Est
1256 2893 1377 2930 genus
1403 2881 1594 2918 hominum
1616 2895 1705 2919 con-

117 2943 247 2976 tumax
276 2945 312 2977 et
340 2940 585 2977 indomitum:
622 2939 720 2978 ferro
755 2946 882 2979 tamen
916 2946 954 2979 et
986 2948 1089 2980 metu
1118 2943 1292 2982 vincitur.
1360 2946 1557 2984 Edidimus
1590 2958 1708 2996 nuper
