1845 3233
142 158 272 215 exva]
343 171 548 199 JOHANNES
580 171 865 198 malumusros
901 170 953 195 AD
984 167 1193 194 HENRICUM
1229 163 1528 191 RULLINGERUM.
1622 147 1702 191 177

137 302 246 340 spero
264 289 425 327 meliora.
481 288 582 326 Deus
601 292 721 325 servet
742 292 780 323 te
808 291 846 323 et
867 297 998 323 omnes
1024 295 1127 320 meos
1150 280 1373 332 Tigurinos!
1420 279 1555 317 Amen.
1603 278 1702 329 Rap-

139 354 218 392 tim.
273 353 506 400 Ludhamiae,
526 355 549 389 6
569 351 767 396 Februarii,
804 351 915 387 1574.
973 347 1061 385 Mea
1078 353 1188 398 teque
1209 351 1368 396 tuosque
1392 345 1542 382 salutat.
1596 343 1699 382 Vale.

1072 423 1186 468 Tuus,

843 499 1129 540 JOHANNES
1168 495 1575 541 PARKHURSTUS,
1605 495 1653 534 N.

404 580 655 607 INSCRIPTIO.

225 632 448 670 Clarissimo
476 635 557 670 Tiro
587 632 634 669 D.
665 630 830 668 Henrtco

408 698 640 745 Bullingero.

616 759 764 807 Tignrz‘.

669 960 962 1004 EPISTOLA
1004 957 1196 1001 CXVII.

319 1109 573 1140 JOHANNES
603 1107 950 1140 PARKHURSTUS
978 1106 1044 1137 AD
1073 1103 1249 1136 JOSIAM
1277 1100 1547 1133 SIMLERUM.

227 1183 415 1221 LITERAS
443 1190 525 1222 tuas
556 1184 710 1234 scriptas
736 1185 784 1219 252
818 1180 1014 1226 Februarii,
1044 1182 1156 1224 1573,
1187 1177 1312 1228 accepi
1342 1179 1391 1213 520
1417 1174 1587 1226 Augusti.
1641 1174 1706 1211 Ju—

148 1248 252 1285 venis
285 1248 346 1285 ille
377 1249 583 1286 Gulielmus
613 1248 782 1293 Barlous,
815 1246 874 1284 cui
907 1245 1053 1290 dedisti,
1080 1255 1270 1293 nunquam
1303 1240 1393 1278 mihi
1425 1239 1541 1292 (quod
1573 1236 1706 1288 sciam)

150 1319 207 1349 est
232 1313 405 1363 cognitus
436 1313 493 1350 vel
520 1312 635 1351 visus.
694 1311 946 1362 Ubiquitarius
974 1310 1033 1347 ille
1059 1309 1222 1346 Jacobus
1251 1305 1432 1350 Andreae,
1459 1304 1521 1355 qui
1550 1303 1710 1359 minatur

149 1391 186 1415 se
219 1379 435 1429 scripturum
467 1383 596 1415 contra
624 1377 912 1426 Vitebergenses
939 1380 977 1412 et
1008 1387 1112 1411 meos
1142 1371 1354 1422 Tigminos,
1383 1370 1534 1407 laterem
1561 1367 1708 1412 lavabit,

149 1448 187 1479 ct
206 1455 308 1479 suam
328 1442 499 1479 omnibus
516 1441 650 1492 prodet
669 1441 874 1479 stultitiam.
930 1439 1012 1478 Nos
1031 1437 1150 1488 Angli
1168 1449 1288 1487 neque
1309 1434 1567 1486 Ubiquitatem
1590 1444 1710 1482 neque

149 1506 223 1543 alia
250 1507 467 1557 opinionum
488 1511 660 1557 portenta
680 1505 773 1543 ferre
798 1516 1015 1556 possumus;
1047 1507 1191 1539 tantum
1219 1500 1336 1545 abest,
1365 1504 1406 1536 ut
1433 1497 1521 1535 talia
1547 1496 1710 1534 defense-

150 1583 242 1608 mus.
295 1571 457 1608 Tantum
480 1584 547 1620 pro
566 1569 795 1615 ceremoniis,
815 1568 985 1613 vestibus,
1006 1572 1043 1605 et
1064 1566 1172 1604 rebus
1193 1563 1298 1601 nihili
1317 1561 1571 1613 digladiamur.
1628 1560 1712 1598 Uti-

150 1648 236 1673 nam
265 1636 417 1673 tandem
449 1635 647 1686 aliquando
673 1634 734 1672 hee
764 1633 997 1671 velitationes
1023 1636 1061 1669 et
1084 1631 1168 1667 lites
1196 1628 1386 1680 sopiantur
1408 1631 1446 1664 et
1470 1625 1712 1676 sepeliantur!

152 1700 263 1737 Certe
294 1700 453 1751 papistae
476 1701 513 1737 in
543 1712 659 1752 spem,
685 1698 811 1736 nescio
835 1710 958 1749 quam,
985 1696 1198 1746 eriguntur3
1233 1698 1272 1730 at
1303 1704 1421 1743 sper0,
1450 1703 1594 1728 vanam.
1634 1690 1713 1727 Do-

151 1765 272 1802 minus
302 1765 364 1802 det
391 1765 472 1802 istis
496 1765 605 1802 rebus
634 1763 759 1809 finem,
782 1767 819 1799 et
840 1761 996 1812 papistis
1018 1759 1167 1797 funem!
1225 1757 1340 1808 Spero
1364 1760 1529 1793 nostram
1555 1754 1713 1805 Magda-

151 1829 272 1866 lenam
298 1835 383 1867 ante
407 1829 543 1867 multos
570 1840 715 1866 menses
738 1832 915 1878 quartana
943 1826 1145 1863 liberatam.

231 1894 280 1931 Et
309 1894 493 1931 Dominus
518 1899 555 1930 te
584 1899 621 1929 et
644 1905 764 1930 meam
787 1904 940 1930 uxorem
968 1890 1097 1927 liberet
1120 1887 1307 1939 podagra!
1363 1884 1498 1923 Amen.
1550 1883 1711 1935 Raptim.

154 1958 384 2003 Ludhamiae,
418 1961 441 1995 8
470 1957 670 2003 Februarii,
707 1958 817 1995 1574.
890 1955 1016 1994 Saluta
1043 1959 1146 1992 tuam
1184 1957 1221 1990 et
1254 1964 1383 1990 omnes
1414 1962 1517 1989 meos
1555 1948 1707 1987 amieos.

154 2024 242 2061 Mea
268 2036 332 2062 vos
359 2035 497 2061 omnes.

1056 2082 1169 2129 Tuus,

751 2158 1037 2197 JOHANNES
1074 2154 1483 2199 PARKHURSTUs,

1362 2229 1659 2269 Nordovicensis.

496 2315 754 2342 [NSORIPTIO.

261 2374 413 2411 Eximio
439 2373 520 2409 viro
549 2370 603 2410 D.
631 2371 748 2408 Josz'ae
776 2369 948 2407 Simlero.

729 2434 763 2472 T
764 2435 878 2483 igurz‘.

662 2614 956 2657 EPISTOLA
997 2612 1214 2656 CXVIII.

235 2784 489 2816 JOHANNES
520 2784 868 2816 PARKHURSTUS
893 2784 961 2815 AD
990 2777 1247 2814 HENRICUM
1278 2772 1643 2807 BULLINGERUM.

237 2860 392 2898 Sumus
420 2860 470 2897 sis
498 2860 534 2897 in
565 2859 728 2905 Christo,
757 2859 944 2898 carissime
974 2855 1207 2905 Bullingere'.

239 2925 283 2963 Iu
311 2926 492 2976 prioribus
522 2925 614 2962 meis
637 2925 765 2967 literis,
796 2937 886 2975 quas
916 2926 939 2959 6
968 2921 1154 2960 Februarii
1184 2919 1228 2956 ad
1261 2923 1299 2954 te
1331 2915 1427 2960 misi,
1457 2914 1629 2964 ingentes
1662 2911 1723 2960 egi

160 2989 296 3036 gratias
328 3002 393 3039 pro
429 2988 645 3027 doctissimo
674 2988 813 3033 libello,
838 2999 951 3038 quem
975 2985 1020 3022 tle
1044 2980 1362 3035 persecutionibus
1393 2978 1560 3017 ecclesiae
1590 2975 1635 3013 ad
1665 2987 1725 3011 me

1531 3043 1552 3065 ⁴⁴
1563 3039 1614 3080 12

291 3114 456 3171 [zomcn
490 3110 688 3168 terrena]
