1845 3233
141 159 286 216 cxxx]
652 170 706 197 An
741 154 946 211 [QUOSDAM
975 148 1182 206 ramnes}
1619 145 1699 186 191

142 291 254 330 vestri
289 290 484 327 immemor
525 287 623 325 haud
660 299 740 324 sum
776 285 931 322 futurus.
1003 282 1180 326 Salutate,
1215 291 1359 330 quaeso,
1396 289 1443 314 ex
1488 287 1549 312 me
1585 289 1707 325 συνερ-

143 355 226 402 Ὑοιὶς
257 366 385 392 omnes
413 359 451 390 et
479 357 597 390 totam
621 350 827 389 ecclesiam.
883 348 1026 387 Valete.
1082 346 1141 384 Ex
1172 344 1264 382 meis
1295 342 1451 387 aedibus,
1476 338 1706 383 Waltmniae,

149 421 195 456 16
222 418 402 464 Januarii,
432 419 545 455 1576.

662 479 794 518 Vester
820 477 859 515 in
887 475 1039 514 Christo
1063 475 1175 513 frater

775 558 986 598 carissimus
1015 563 1052 595 et
1077 561 1294 608 symmysta,

911 637 1194 676 ROBERTUS
1224 634 1461 680 HORNUS,
1489 633 1659 672 XVinton.

647 894 944 940 EPISTOLA
984 892 1208 936 CXXXI.

223 1059 532 1093 LAURENTIUS
561 1059 856 1091 HUMFREDUS
884 1059 953 1090 AD
982 1053 1291 1089 RODOLPHUM
1322 1050 1637 1084 GUALTERUM.

229 1137 484 1174 IMMANUEL!
532 1134 710 1187 Agnosco
741 1136 779 1173 in
811 1134 927 1172 literis
951 1133 1040 1178 tuis,
1075 1130 1291 1169 doctissime
1324 1129 1510 1172 Gualterc,
1545 1139 1719 1177 expressa

152 1201 262 1252 signa
285 1200 405 1239 solitoe
422 1206 501 1238 tuae
520 1199 761 1237 humanitatis
779 1204 817 1237 et
840 1197 1063 1250 prudentiae.
1118 1195 1217 1233 Nam
1242 1193 1341 1244 quod
1366 1206 1424 1230 me
1448 1191 1592 1242 jamdiu
1611 1190 1720 1241 plane

152 1271 297 1304 mutum
325 1271 362 1303 et
390 1279 487 1316 pene
515 1264 703 1316 ingratum
733 1264 892 1302 salutare
913 1261 1088 1306 volueris,
1118 1259 1158 1297 id
1183 1272 1257 1310 ego
1284 1270 1442 1296 summu>
1467 1254 1720 1300 humanitatis,

154 1330 331 1382 singulari
348 1343 431 1368 cum
449 1329 657 1368 humilitate
677 1330 902 1380 conjunctae,
932 1330 1191 1378 argumentum
1216 1337 1297 1361 esse
1320 1323 1552 1372 interpretor.
1594 1320 1721 1366 Quan-

154 1408 265 1446 quam
296 1408 381 1433 vero
413 1396 528 1434 rarius
559 1394 701 1445 scripsi,
732 1400 859 1432 tamen
885 1406 956 1431 nec
986 1389 1246 1442 ingratitudini
1276 1400 1345 1425 nec
1376 1385 1555 1424 oblivioni
1584 1385 1724 1423 tribuas

153 1459 286 1505 velim;
318 1465 446 1511 utpote
465 1459 526 1512 qui
545 1465 669 1498 vestra
687 1458 868 1497 beneficia
884 1457 924 1495 in
943 1470 1003 1494 me
1021 1461 1060 1493 et
1078 1454 1224 1504 Anglos
1243 1465 1345 1503 saepe
1364 1456 1403 1489 et
1420 1451 1572 1501 largiter
1590 1450 1726 1488 collata

154 1524 279 1563 animo
312 1525 465 1563 subinde
487 1529 628 1575 repeto,
662 1529 700 1561 et
731 1521 906 1575 quamdiu
942 1520 1079 1565 vixero,
1114 1519 1198 1557 Deo
1233 1517 1359 1562 dante,
1389 1515 1614 1566 sempiterna
1648 1527 1723 1551 me-

153 1589 272 1627 moria
298 1590 473 1629 recolam.
527 1589 638 1628 Nunc
666 1600 753 1626 vero
780 1591 1001 1638 provocatus
1034 1595 1295 1636 quameunque
1330 1580 1565 1619 occasionem
1594 1585 1630 1616 et
1659 1592 1723 1630 op-

155 1653 424 1705 portunitatem
455 1654 648 1706 arripiam;
685 1667 755 1691 nec
787 1664 951 1703 unquam
985 1649 1229 1693 committam,
1263 1651 1305 1683 ut
1339 1644 1419 1682 sine
1449 1643 1601 1682 literulis
1633 1643 1727 1681 meis

155 1731 293 1758 vacuus
311 1718 358 1756 ad
375 1732 441 1757 vos
465 1719 624 1757 nuncius
650 1717 769 1756 abeat.
817 1716 952 1754 Malim
970 1727 1105 1765 nempe
1129 1712 1282 1751 omnino
1302 1709 1402 1748 rudis
1426 1714 1463 1746 et
1484 1706 1729 1761 αὐτοσχέδιος

156 1783 284 1829 videri,
312 1796 422 1834 quam
449 1783 649 1822 dissolutus
676 1788 714 1821 et
742 1782 949 1820 immemor.

240 1847 354 1893 Quod
381 1854 506 1886 autem
531 1848 577 1886 de
603 1854 751 1886 tuorum
773 1845 1047 1890 Helvetiorum,
1070 1843 1188 1882 Ulmii
1211 1847 1250 1879 et
1276 1839 1437 1886 comitis,
1462 1838 1629 1890 profectu
1652 1842 1729 1875 tam

159 1913 209 1951 sis
243 1912 436 1959 sollicitus,
468 1913 667 1963 prudenter
699 1911 814 1956 facis3
853 1915 1010 1962 praestat
1041 1921 1175 1959 nempe
1206 1906 1403 1957 prudenter
1439 1904 1583 1948 timere,
1620 1916 1730 1953 quam

159 1976 272 2016 nimis
296 1990 465 2027 sperare:
495 1983 619 2015 tamen
648 1976 686 2014 id
712 1989 799 2014 vero
824 1975 1005 2013 affirmare
1030 1985 1195 2026 possum,
1226 1977 1422 2020 utrumque
1453 1968 1511 2005 hic
1541 1968 1636 2018 apud
1662 1980 1732 2005 nos

161 2048 198 2080 et
227 2041 387 2093 graviter
417 2041 560 2079 studere
594 2047 632 2079 et
666 2041 824 2079 honeste
861 2054 901 2078 se
933 2052 1073 2091 gerere,
1105 2037 1204 2089 quod
1232 2037 1332 2087 ipsos
1364 2047 1491 2072 revera
1523 2038 1560 2070 et
1595 2032 1662 2069 tibi
1695 2038 1733 2070 et

160 2106 303 2145 senatui
341 2106 644 2157 comprobaturos
674 2119 751 2144 non
777 2105 915 2143 diffido.
973 2104 1118 2155 Itaque,
1148 2101 1235 2153 quia
1266 2100 1405 2138 exitum
1437 2099 1509 2136 hoc
1536 2098 1640 2135 vobis
1670 2098 1732 2135 de-

160 2172 378 2210 claraturum
406 2170 570 2215 confido,
602 2183 677 2208 non
705 2170 810 2222 potui
838 2183 913 2208 non
942 2169 1095 2220 optimae
1126 2167 1206 2218 spei
1232 2166 1388 2216 juvenes
1413 2163 1518 2201 vobis
1547 2175 1733 2200 commen-

161 2237 258 2274 dare.
314 2235 451 2287 Scripsi
478 2235 524 2273 ad
553 2235 601 2273 D.
625 2235 854 2287 Episcopum
873 2234 1186 2277 wintoniensem,
1213 2231 1277 2282 qui
1303 2229 1439 2280 aliquid
1458 2229 1538 2279 jam
1564 2228 1734 2273 contulit,

161 2307 198 2339 et
223 2301 396 2351 deinceps
423 2313 569 2352 quoque
594 2315 633 2338 se
658 2300 842 2338 rationem
865 2300 1030 2351 ipsorum
1057 2298 1267 2336 habiturum
1291 2294 1492 2345 pollicetur.
1551 2292 1664 2337 Quod
1690 2292 1735 2328 de

162 2372 281 2404 morte
305 2366 346 2403 P.
368 2365 424 2403 M.
445 2371 482 2403 et
504 2366 658 2403 aliorum
686 2371 844 2416 patrum,
874 2371 911 2402 et
942 2365 997 2402 tui
1023 2363 1103 2409 filii,
1125 2361 1214 2399 olim
1238 2359 1312 2397 mei
1340 2357 1492 2401 alumni,
1514 2356 1656 2401 scribis,
1677 2361 1733 2392 est

163 2445 250 2469 sane
268 2432 474 2469 luctuosum
495 2437 533 2468 et
550 2431 736 2483 acerbum,
751 2430 921 2482 privatim
939 2434 1069 2466 nostra
1089 2439 1212 2471 causa,
1229 2425 1291 2475 qui
1308 2424 1390 2461 illos
1404 2422 1536 2459 merito
1557 2421 1735 2459 coluimus

163 2503 201 2536 et
229 2496 445 2541 amavimus,
479 2496 623 2547 publice
655 2495 825 2534 ecclesiae
855 2493 1021 2539 nomine,
1054 2504 1164 2543 quam
1197 2488 1361 2540 quotidie
1398 2486 1605 2537 ubicunque
1637 2485 1736 2522 loco-

163 2573 243 2598 rum
275 2566 331 2597 tot
358 2560 539 2611 praeclara
575 2574 641 2598 sua
672 2560 813 2598 lumina
844 2559 1013 2597 amittere
1043 2555 1244 2594 dolendum
1273 2558 1310 2590 et
1340 2551 1528 2589 funestum
1558 2556 1624 2587 est.
1680 2549 1737 2587 Tu

166 2639 266 2671 veru,
286 2625 504 2675 gravissime
527 2630 642 2675 pater,
668 2625 783 2662 instar
809 2624 1012 2661 multorum
1035 2634 1091 2665 es;
1124 2620 1279 2669 ideoque
1308 2615 1459 2654 eruditis
1487 2621 1525 2653 et
1546 2615 1616 2666 piis
1636 2615 1738 2652 lucu-

166 2689 395 2729 brationibus
423 2701 533 2739 porro
567 2702 684 2740 perge
721 2687 958 2727 christianam
992 2683 1254 2735 rempublicam
1287 2682 1430 2732 juvare,
1467 2684 1507 2716 ut
1543 2679 1627 2717 istae
1662 2684 1738 2716 tuce

164 2754 300 2791 seniles
325 2752 600 2799 meditationes,
627 2753 732 2804 quasi
760 2765 918 2803 cygneze
948 2749 1194 2792 cantationes,
1221 2746 1354 2783 iterum
1379 2750 1488 2795 atque
1512 2743 1645 2781 iterum
1671 2756 1740 2781 nos

165 2818 363 2856 delectent.
419 2817 572 2862 Quanta
597 2817 645 2854 sit
672 2816 756 2855 hacc
779 2816 939 2854 virorum
965 2814 1191 2864 optimorum
1210 2811 1367 2861 jactura,
1388 2822 1456 2847 suo
1477 2807 1576 2846 malo
1596 2807 1739 2858 jamdiu

167 2882 283 2920 sensit
306 2887 434 2920 nostra
462 2880 615 2931 Anglia,
643 2894 711 2919 nec
735 2893 910 2931 unquam,
932 2878 1056 2922 crede,
1084 2875 1249 2913 oblivisci
1271 2879 1418 2925 potest:
1445 2879 1544 2911 certe
1566 2885 1641 2909 non
1662 2870 1740 2908 sine

168 2945 292 2984 dolore
310 2945 492 2984 recordari
513 2945 622 2983 debet
645 2945 810 2983 recentia
835 2949 894 2981 tot
918 2948 1121 2992 martyrum
1140 2941 1261 2985 busta,
1281 2945 1339 2977 tot
1357 2938 1595 2989 optimorum,
1615 2936 1637 2973 J
1642 2935 1740 2976 uelli,

171 3009 402 3053 Parkhursti,
424 3007 675 3057 Pilkingtoni‚
698 3008 926 3054 aliorumque
944 3005 1071 3044 funera
1139 3004 1212 3043 Sed
1235 3003 1320 3041 haec
1339 3007 1426 3041 sunt
1444 3001 1583 3040 ultimae
1603 2998 1741 3047 periodi
