<?xml version="1.0" encoding="UTF-8"?>
<!DOCTYPE html PUBLIC "-//W3C//DTD XHTML 1.0 Transitional//EN"
    "http://www.w3.org/TR/xhtml1/DTD/xhtml1-transitional.dtd">
<html xmlns="http://www.w3.org/1999/xhtml" xml:lang="en" lang="en">
 <head>
  <title>
</title>
<meta http-equiv="Content-Type" content="text/html;charset=utf-8" />
  <meta name='ocr-system' content='tesseract 3.04.00' />
  <meta name='ocr-capabilities' content='ocr_page ocr_carea ocr_par ocr_line ocrx_word'/>
</head>
<body>
  <div class='ocr_page' id='page_1' title='image "./zurichletterscom02hunt_0314.png"; bbox 0 0 1881 3228; ppageno 0'>
   <div class='ocr_carea' id='block_1_1' title="bbox 191 149 243 188">
    <p class='ocr_par' dir='ltr' id='par_1_1' title="bbox 191 149 243 188">
     <span class='ocr_line' id='line_1_1' title="bbox 191 150 213 188; textangle 90"><span class='ocrx_word' id='word_1_1' title='bbox 191 150 213 188; x_wconf 66' lang='grc' dir='ltr'>Ν)</span> 
     </span>
     <span class='ocr_line' id='line_1_2' title="bbox 220 149 243 188; textangle 90"><span class='ocrx_word' id='word_1_2' title='bbox 220 149 243 188; x_wconf 71' lang='lat'>¹0</span> 
     </span>
    </p>
   </div>
   <div class='ocr_carea' id='block_1_2' title="bbox 761 140 1750 197">
    <p class='ocr_par' dir='ltr' id='par_1_2' title="bbox 761 140 1750 197">
     <span class='ocr_line' id='line_1_3' title="bbox 761 140 1750 197; baseline 0.001 -15"><span class='ocrx_word' id='word_1_3' title='bbox 761 155 966 184; x_wconf 76' lang='lat' dir='ltr'><strong>JOHANNES</strong></span> <span class='ocrx_word' id='word_1_4' title='bbox 997 153 1166 181; x_wconf 84' lang='lat' dir='ltr'><strong>JUELLUS</strong></span> <span class='ocrx_word' id='word_1_5' title='bbox 1607 140 1750 197; x_wconf 79' lang='lat' dir='ltr'><strong>[EPIST.</strong></span> 
     </span>
    </p>
   </div>
   <div class='ocr_carea' id='block_1_3' title="bbox 721 302 1191 347">
    <p class='ocr_par' dir='ltr' id='par_1_3' title="bbox 721 302 1191 347">
     <span class='ocr_line' id='line_1_4' title="bbox 721 302 1191 347; baseline -0.013 0"><span class='ocrx_word' id='word_1_6' title='bbox 721 304 1017 347; x_wconf 82' lang='lat' dir='ltr'><strong>EPISTOLA</strong></span> <span class='ocrx_word' id='word_1_7' title='bbox 1060 302 1191 343; x_wconf 70' lang='lat' dir='ltr'>XVI,</span> 
     </span>
    </p>
   </div>
   <div class='ocr_carea' id='block_1_4' title="bbox 876 392 1049 398">
    <p class='ocr_par' dir='ltr' id='par_1_4' title="bbox 876 392 1049 398">
     <span class='ocr_line' id='line_1_5' title="bbox 876 392 1049 398; baseline 0 0"><span class='ocrx_word' id='word_1_8' title='bbox 876 392 1049 398; x_wconf 95' lang='lat' dir='ltr'> </span> 
     </span>
    </p>
   </div>
   <div class='ocr_carea' id='block_1_5' title="bbox 174 438 1749 2996">
    <p class='ocr_par' dir='ltr' id='par_1_5' title="bbox 395 438 1534 477">
     <span class='ocr_line' id='line_1_6' title="bbox 395 438 1534 477; baseline -0.007 -2"><span class='ocrx_word' id='word_1_9' title='bbox 395 446 647 477; x_wconf 75' lang='lat' dir='ltr'>JOHANNES</span> <span class='ocrx_word' id='word_1_10' title='bbox 676 444 886 475; x_wconf 76' lang='lat' dir='ltr'>JUELLUS</span> <span class='ocrx_word' id='word_1_11' title='bbox 915 443 981 473; x_wconf 91' lang='lat' dir='ltr'>AD</span> <span class='ocrx_word' id='word_1_12' title='bbox 1008 440 1212 472; x_wconf 76' lang='lat' dir='ltr'><strong>PETRUM</strong></span> <span class='ocrx_word' id='word_1_13' title='bbox 1237 438 1534 470; x_wconf 74' lang='lat' dir='ltr'><strong>MARTYREM.</strong></span> 
     </span>
    </p>

    <p class='ocr_par' dir='ltr' id='par_1_6' title="bbox 174 507 1749 1971">
     <span class='ocr_line' id='line_1_7' title="bbox 264 507 1748 563; baseline -0.006 -11"><span class='ocrx_word' id='word_1_14' title='bbox 264 516 492 553; x_wconf 73' lang='lat' dir='ltr'>HACTENUS</span> <span class='ocrx_word' id='word_1_15' title='bbox 520 514 642 550; x_wconf 86' lang='lat' dir='ltr'>minus</span> <span class='ocrx_word' id='word_1_16' title='bbox 672 513 881 563; x_wconf 88' lang='lat' dir='ltr'>frequenter</span> <span class='ocrx_word' id='word_1_17' title='bbox 904 512 950 548; x_wconf 85' lang='lat' dir='ltr'>ad</span> <span class='ocrx_word' id='word_1_18' title='bbox 973 516 1010 547; x_wconf 92' lang='lat' dir='ltr'>te</span> <span class='ocrx_word' id='word_1_19' title='bbox 1034 508 1177 559; x_wconf 80' lang='lat' dir='ltr'>scripsi,</span> <span class='ocrx_word' id='word_1_20' title='bbox 1208 508 1260 544; x_wconf 89' lang='lat' dir='ltr'>mi</span> <span class='ocrx_word' id='word_1_21' title='bbox 1280 513 1397 558; x_wconf 84' lang='lat' dir='ltr'>pater,</span> <span class='ocrx_word' id='word_1_22' title='bbox 1423 507 1521 558; x_wconf 90' lang='lat' dir='ltr'>quod</span> <span class='ocrx_word' id='word_1_23' title='bbox 1547 507 1666 543; x_wconf 87' lang='lat' dir='ltr'>multa</span> <span class='ocrx_word' id='word_1_24' title='bbox 1690 519 1748 543; x_wconf 83' lang='grc'><strong>1110</strong></span> 
     </span>
     <span class='ocr_line' id='line_1_8' title="bbox 185 571 1749 630; baseline -0.006 -12"><span class='ocrx_word' id='word_1_25' title='bbox 185 580 335 630; x_wconf 80' lang='lat' dir='ltr'>negotia</span> <span class='ocrx_word' id='word_1_26' title='bbox 354 578 497 628; x_wconf 83' lang='lat' dir='ltr'>publiea</span> <span class='ocrx_word' id='word_1_27' title='bbox 517 577 729 627; x_wconf 82' lang='lat' dir='ltr'>privataque</span> <span class='ocrx_word' id='word_1_28' title='bbox 748 575 981 626; x_wconf 83' lang='lat' dir='ltr'><strong>impedirent.</strong></span> <span class='ocrx_word' id='word_1_29' title='bbox 1035 573 1146 611; x_wconf 89' lang='lat' dir='ltr'>Nunc</span> <span class='ocrx_word' id='word_1_30' title='bbox 1168 572 1302 617; x_wconf 76' lang='lat' dir='ltr'>scribo,</span> <span class='ocrx_word' id='word_1_31' title='bbox 1332 585 1408 609; x_wconf 90' lang='lat' dir='ltr'>non</span> <span class='ocrx_word' id='word_1_32' title='bbox 1428 571 1529 622; x_wconf 90' lang='lat' dir='ltr'>quod</span> <span class='ocrx_word' id='word_1_33' title='bbox 1546 571 1632 621; x_wconf 89' lang='lat' dir='ltr'>plus</span> <span class='ocrx_word' id='word_1_34' title='bbox 1650 583 1749 608; x_wconf 88' lang='lat' dir='ltr'>nunc</span> 
     </span>
     <span class='ocr_line' id='line_1_9' title="bbox 184 635 1748 692; baseline -0.006 -12"><span class='ocrx_word' id='word_1_35' title='bbox 184 645 250 682; x_wconf 87' lang='lat' dir='ltr'>otii</span> <span class='ocrx_word' id='word_1_36' title='bbox 283 643 330 680; x_wconf 89' lang='lat' dir='ltr'>sit</span> <span class='ocrx_word' id='word_1_37' title='bbox 359 655 468 692; x_wconf 82' lang='lat' dir='ltr'>quam</span> <span class='ocrx_word' id='word_1_38' title='bbox 498 647 620 686; x_wconf 84' lang='lat' dir='ltr'>antea,</span> <span class='ocrx_word' id='word_1_39' title='bbox 651 641 715 677; x_wconf 85' lang='lat' dir='ltr'>sed</span> <span class='ocrx_word' id='word_1_40' title='bbox 745 640 844 690; x_wconf 85' lang='lat' dir='ltr'>quod</span> <span class='ocrx_word' id='word_1_41' title='bbox 875 639 998 675; x_wconf 86' lang='lat' dir='ltr'>minus</span> <span class='ocrx_word' id='word_1_42' title='bbox 1029 635 1183 688; x_wconf 82' lang='lat' dir='ltr'>posthac</span> <span class='ocrx_word' id='word_1_43' title='bbox 1214 635 1379 673; x_wconf 82' lang='lat' dir='ltr'>futurum</span> <span class='ocrx_word' id='word_1_44' title='bbox 1409 636 1457 673; x_wconf 84' lang='lat' dir='ltr'>sit</span> <span class='ocrx_word' id='word_1_45' title='bbox 1483 635 1603 672; x_wconf 91' lang='lat' dir='ltr'>multo</span> <span class='ocrx_word' id='word_1_46' title='bbox 1636 646 1748 685; x_wconf 85' lang='lat' dir='ltr'>quam</span> 
     </span>
     <span class='ocr_line' id='line_1_10' title="bbox 183 699 1748 753; baseline -0.006 -9"><span class='ocrx_word' id='word_1_47' title='bbox 183 721 279 744; x_wconf 86' lang='lat' dir='ltr'>nunc</span> <span class='ocrx_word' id='word_1_48' title='bbox 303 713 369 743; x_wconf 79' lang='lat' dir='ltr'>cst.</span> <span class='ocrx_word' id='word_1_49' title='bbox 423 705 593 742; x_wconf 84' lang='lat' dir='ltr'>Alterum</span> <span class='ocrx_word' id='word_1_50' title='bbox 616 704 715 740; x_wconf 88' lang='lat' dir='ltr'>enim</span> <span class='ocrx_word' id='word_1_51' title='bbox 742 704 821 752; x_wconf 86' lang='lat' dir='ltr'>jam</span> <span class='ocrx_word' id='word_1_52' title='bbox 849 703 981 753; x_wconf 88' lang='lat' dir='ltr'>pedem</span> <span class='ocrx_word' id='word_1_53' title='bbox 1009 701 1047 737; x_wconf 92' lang='lat' dir='ltr'>in</span> <span class='ocrx_word' id='word_1_54' title='bbox 1075 706 1172 738; x_wconf 85' lang='lat' dir='ltr'>terra</span> <span class='ocrx_word' id='word_1_55' title='bbox 1198 699 1331 745; x_wconf 89' lang='lat' dir='ltr'>habeo,</span> <span class='ocrx_word' id='word_1_56' title='bbox 1360 700 1518 737; x_wconf 84' lang='lat' dir='ltr'>alterum</span> <span class='ocrx_word' id='word_1_57' title='bbox 1545 712 1641 750; x_wconf 85' lang='lat' dir='ltr'>pene</span> <span class='ocrx_word' id='word_1_58' title='bbox 1663 700 1748 736; x_wconf 89' lang='lat' dir='ltr'>sub—</span> 
     </span>
     <span class='ocr_line' id='line_1_11' title="bbox 183 764 1748 819; baseline -0.004 -12"><span class='ocrx_word' id='word_1_59' title='bbox 183 772 294 808; x_wconf 83' lang='lat' dir='ltr'>latum</span> <span class='ocrx_word' id='word_1_60' title='bbox 314 771 351 806; x_wconf 90' lang='lat' dir='ltr'>in</span> <span class='ocrx_word' id='word_1_61' title='bbox 371 782 515 819; x_wconf 86' lang='lat' dir='ltr'>equum.</span> <span class='ocrx_word' id='word_1_62' title='bbox 557 769 651 805; x_wconf 79' lang='lat' dir='ltr'>Mox</span> <span class='ocrx_word' id='word_1_63' title='bbox 669 767 768 805; x_wconf 88' lang='lat' dir='ltr'>enim</span> <span class='ocrx_word' id='word_1_64' title='bbox 787 766 977 816; x_wconf 87' lang='lat' dir='ltr'>ingredior</span> <span class='ocrx_word' id='word_1_65' title='bbox 992 764 1236 815; x_wconf 82' lang='lat' dir='ltr'>longinquam</span> <span class='ocrx_word' id='word_1_66' title='bbox 1255 770 1293 801; x_wconf 93' lang='lat' dir='ltr'>et</span> <span class='ocrx_word' id='word_1_67' title='bbox 1311 764 1498 801; x_wconf 88' lang='lat' dir='ltr'>difficilem</span> <span class='ocrx_word' id='word_1_68' title='bbox 1518 764 1748 814; x_wconf 76' lang='lat' dir='ltr'>legationem</span> 
     </span>
     <span class='ocr_line' id='line_1_12' title="bbox 183 827 1746 881; baseline -0.004 -10"><span class='ocrx_word' id='word_1_69' title='bbox 183 833 450 871; x_wconf 59' lang='lat' dir='ltr'>constituendis</span> <span class='ocrx_word' id='word_1_70' title='bbox 485 832 676 881; x_wconf 86' lang='lat' dir='ltr'>religionis</span> <span class='ocrx_word' id='word_1_71' title='bbox 713 844 803 881; x_wconf 86' lang='lat' dir='ltr'>ergo</span> <span class='ocrx_word' id='word_1_72' title='bbox 835 843 901 880; x_wconf 88' lang='lat' dir='ltr'>per</span> <span class='ocrx_word' id='word_1_73' title='bbox 937 829 1163 879; x_wconf 85' lang='lat' dir='ltr'>Redingum,</span> <span class='ocrx_word' id='word_1_74' title='bbox 1200 827 1455 874; x_wconf 83' lang='lat' dir='ltr'>Abindonam,</span> <span class='ocrx_word' id='word_1_75' title='bbox 1487 829 1746 873; x_wconf 82' lang='lat' dir='ltr'>Glocestriam,</span> 
     </span>
     <span class='ocr_line' id='line_1_13' title="bbox 182 892 1747 940; baseline -0.002 -7"><span class='ocrx_word' id='word_1_76' title='bbox 182 897 408 940; x_wconf 80' lang='lat' dir='ltr'>Bristolium,</span> <span class='ocrx_word' id='word_1_77' title='bbox 437 895 628 940; x_wconf 87' lang='lat' dir='ltr'>Thermas,</span> <span class='ocrx_word' id='word_1_78' title='bbox 657 895 845 938; x_wconf 58' lang='lat' dir='ltr'>WVelliam,</span> <span class='ocrx_word' id='word_1_79' title='bbox 877 894 1081 938; x_wconf 74' lang='lat' dir='ltr'>Exonium,</span> <span class='ocrx_word' id='word_1_80' title='bbox 1111 892 1354 938; x_wconf 79' lang='lat' dir='ltr'>Cornubiam,</span> <span class='ocrx_word' id='word_1_81' title='bbox 1383 893 1651 939; x_wconf 86' lang='lat' dir='ltr'>Dorcestriam,</span> <span class='ocrx_word' id='word_1_82' title='bbox 1682 893 1747 930; x_wconf 83' lang='lat' dir='ltr'>Sa-</span> 
     </span>
     <span class='ocr_line' id='line_1_14' title="bbox 175 956 1746 1007; baseline -0.003 -10"><span class='ocrx_word' id='word_1_83' title='bbox 175 960 382 998; x_wconf 82' lang='lat' dir='ltr'>risburiam.</span> <span class='ocrx_word' id='word_1_84' title='bbox 436 960 608 996; x_wconf 78' lang='lat' dir='ltr'><strong>Ambitus</strong></span> <span class='ocrx_word' id='word_1_85' title='bbox 625 959 768 996; x_wconf 85' lang='lat' dir='ltr'>itineris</span> <span class='ocrx_word' id='word_1_86' title='bbox 786 958 906 995; x_wconf 78' lang='lat' dir='ltr'>nostri</span> <span class='ocrx_word' id='word_1_87' title='bbox 922 958 990 994; x_wconf 88' lang='lat' dir='ltr'>erit</span> <span class='ocrx_word' id='word_1_88' title='bbox 1012 957 1094 1007; x_wconf 85' lang='lat' dir='ltr'>plus</span> <span class='ocrx_word' id='word_1_89' title='bbox 1119 956 1242 993; x_wconf 88' lang='lat' dir='ltr'>minus</span> <span class='ocrx_word' id='word_1_90' title='bbox 1262 956 1588 1006; x_wconf 86' lang='lat' dir='ltr'>septingentorum</span> <span class='ocrx_word' id='word_1_91' title='bbox 1612 957 1746 994; x_wconf 84' lang='lat' dir='ltr'>millia-</span> 
     </span>
     <span class='ocr_line' id='line_1_15' title="bbox 177 1020 1745 1074; baseline -0.003 -13"><span class='ocrx_word' id='word_1_92' title='bbox 177 1025 290 1068; x_wconf 84' lang='lat' dir='ltr'>rium;</span> <span class='ocrx_word' id='word_1_93' title='bbox 320 1024 381 1060; x_wconf 84' lang='lat' dir='ltr'>vix</span> <span class='ocrx_word' id='word_1_94' title='bbox 410 1030 449 1060; x_wconf 88' lang='lat' dir='ltr'>ut</span> <span class='ocrx_word' id='word_1_95' title='bbox 477 1030 606 1074; x_wconf 82' lang='lat' dir='ltr'>quarto</span> <span class='ocrx_word' id='word_1_96' title='bbox 632 1023 780 1060; x_wconf 88' lang='lat' dir='ltr'>demum</span> <span class='ocrx_word' id='word_1_97' title='bbox 805 1035 932 1059; x_wconf 88' lang='lat' dir='ltr'>mense</span> <span class='ocrx_word' id='word_1_98' title='bbox 956 1027 1084 1072; x_wconf 88' lang='lat' dir='ltr'>putem</span> <span class='ocrx_word' id='word_1_99' title='bbox 1102 1034 1173 1058; x_wconf 92' lang='lat' dir='ltr'>nos</span> <span class='ocrx_word' id='word_1_100' title='bbox 1192 1034 1272 1058; x_wconf 89' lang='lat' dir='ltr'>esse</span> <span class='ocrx_word' id='word_1_101' title='bbox 1295 1020 1489 1058; x_wconf 86' lang='lat' dir='ltr'>redituros.</span> <span class='ocrx_word' id='word_1_102' title='bbox 1545 1020 1672 1065; x_wconf 83' lang='lat' dir='ltr'><strong>Quare</strong></span> <span class='ocrx_word' id='word_1_103' title='bbox 1698 1034 1745 1057; x_wconf 87' lang='lat' dir='ltr'>ne</span> 
     </span>
     <span class='ocr_line' id='line_1_16' title="bbox 178 1084 1742 1137; baseline -0.002 -13"><span class='ocrx_word' id='word_1_104' title='bbox 178 1101 236 1124; x_wconf 89' lang='grc'><strong>1110</strong></span> <span class='ocrx_word' id='word_1_105' title='bbox 256 1088 394 1124; x_wconf 84' lang='lat' dir='ltr'>interea</span> <span class='ocrx_word' id='word_1_106' title='bbox 412 1093 558 1137; x_wconf 85' lang='lat' dir='ltr'>putares</span> <span class='ocrx_word' id='word_1_107' title='bbox 577 1100 658 1124; x_wconf 88' lang='lat' dir='ltr'>esse</span> <span class='ocrx_word' id='word_1_108' title='bbox 676 1092 875 1131; x_wconf 88' lang='lat' dir='ltr'>mortuum,</span> <span class='ocrx_word' id='word_1_109' title='bbox 899 1086 968 1123; x_wconf 86' lang='lat' dir='ltr'>etsi</span> <span class='ocrx_word' id='word_1_110' title='bbox 995 1091 1082 1123; x_wconf 90' lang='lat' dir='ltr'>ante</span> <span class='ocrx_word' id='word_1_111' title='bbox 1109 1084 1307 1122; x_wconf 79' lang='lat' dir='ltr'>duodecim</span> <span class='ocrx_word' id='word_1_112' title='bbox 1334 1084 1413 1122; x_wconf 86' lang='lat' dir='ltr'>dies</span> <span class='ocrx_word' id='word_1_113' title='bbox 1436 1085 1564 1122; x_wconf 86' lang='lat' dir='ltr'>nescio</span> <span class='ocrx_word' id='word_1_114' title='bbox 1584 1085 1674 1135; x_wconf 88' lang='lat' dir='ltr'>quid</span> <span class='ocrx_word' id='word_1_115' title='bbox 1697 1086 1742 1122; x_wconf 86' lang='lat' dir='ltr'>ad</span> 
     </span>
     <span class='ocr_line' id='line_1_17' title="bbox 176 1148 1744 1202; baseline -0.003 -13"><span class='ocrx_word' id='word_1_116' title='bbox 176 1158 212 1188; x_wconf 81' lang='lat' dir='ltr'>tc</span> <span class='ocrx_word' id='word_1_117' title='bbox 233 1152 435 1202; x_wconf 81' lang='lat' dir='ltr'>scripserim</span> <span class='ocrx_word' id='word_1_118' title='bbox 455 1152 499 1189; x_wconf 89' lang='lat' dir='ltr'>de</span> <span class='ocrx_word' id='word_1_119' title='bbox 518 1152 626 1188; x_wconf 85' lang='lat' dir='ltr'>rebus</span> <span class='ocrx_word' id='word_1_120' title='bbox 645 1151 915 1195; x_wconf 88' lang='lat' dir='ltr'>communibus,</span> <span class='ocrx_word' id='word_1_121' title='bbox 944 1156 1070 1186; x_wconf 87' lang='lat' dir='ltr'>tamen</span> <span class='ocrx_word' id='word_1_122' title='bbox 1090 1162 1167 1186; x_wconf 91' lang='lat' dir='ltr'>non</span> <span class='ocrx_word' id='word_1_123' title='bbox 1186 1148 1349 1186; x_wconf 87' lang='lat' dir='ltr'>alienum</span> <span class='ocrx_word' id='word_1_124' title='bbox 1367 1148 1447 1186; x_wconf 83' lang='lat' dir='ltr'>fore</span> <span class='ocrx_word' id='word_1_125' title='bbox 1465 1149 1567 1193; x_wconf 82' lang='lat' dir='ltr'>duxi,</span> <span class='ocrx_word' id='word_1_126' title='bbox 1595 1149 1626 1186; x_wconf 88' lang='lat' dir='ltr'>si</span> <span class='ocrx_word' id='word_1_127' title='bbox 1643 1163 1744 1187; x_wconf 82' lang='grc'><strong>1111110</strong></span> 
     </span>
     <span class='ocr_line' id='line_1_18' title="bbox 178 1212 1745 1266; baseline -0.001 -14"><span class='ocrx_word' id='word_1_128' title='bbox 178 1229 323 1266; x_wconf 88' lang='lat' dir='ltr'>quoque</span> <span class='ocrx_word' id='word_1_129' title='bbox 341 1215 468 1265; x_wconf 80' lang='lat' dir='ltr'>paucis</span> <span class='ocrx_word' id='word_1_130' title='bbox 487 1221 525 1252; x_wconf 89' lang='lat' dir='ltr'>te</span> <span class='ocrx_word' id='word_1_131' title='bbox 543 1215 646 1266; x_wconf 85' lang='lat' dir='ltr'>quasi</span> <span class='ocrx_word' id='word_1_132' title='bbox 665 1216 703 1252; x_wconf 90' lang='grc'>111</span> <span class='ocrx_word' id='word_1_133' title='bbox 723 1215 891 1264; x_wconf 81' lang='lat' dir='ltr'>digressu</span> <span class='ocrx_word' id='word_1_134' title='bbox 915 1214 1124 1251; x_wconf 87' lang='lat' dir='ltr'>salutarem.</span> <span class='ocrx_word' id='word_1_135' title='bbox 1182 1212 1258 1250; x_wconf 83' lang='lat' dir='ltr'>Res</span> <span class='ocrx_word' id='word_1_136' title='bbox 1276 1219 1415 1250; x_wconf 80' lang='lat' dir='ltr'>nostrae</span> <span class='ocrx_word' id='word_1_137' title='bbox 1434 1214 1523 1250; x_wconf 86' lang='lat' dir='ltr'>satis</span> <span class='ocrx_word' id='word_1_138' title='bbox 1540 1227 1640 1251; x_wconf 90' lang='lat' dir='ltr'>nunc</span> <span class='ocrx_word' id='word_1_139' title='bbox 1658 1221 1745 1251; x_wconf 86' lang='lat' dir='ltr'>sunt</span> 
     </span>
     <span class='ocr_line' id='line_1_19' title="bbox 175 1277 1743 1330; baseline 0 -15"><span class='ocrx_word' id='word_1_140' title='bbox 175 1279 213 1315; x_wconf 92' lang='grc'>111</span> <span class='ocrx_word' id='word_1_141' title='bbox 243 1279 414 1329; x_wconf 88' lang='lat' dir='ltr'>proclivi:</span> <span class='ocrx_word' id='word_1_142' title='bbox 450 1280 595 1330; x_wconf 86' lang='lat' dir='ltr'>Regina</span> <span class='ocrx_word' id='word_1_143' title='bbox 627 1279 767 1329; x_wconf 88' lang='lat' dir='ltr'>optime</span> <span class='ocrx_word' id='word_1_144' title='bbox 799 1279 989 1316; x_wconf 85' lang='lat' dir='ltr'>animata:</span> <span class='ocrx_word' id='word_1_145' title='bbox 1023 1277 1184 1328; x_wconf 89' lang='lat' dir='ltr'>populus</span> <span class='ocrx_word' id='word_1_146' title='bbox 1214 1277 1349 1328; x_wconf 90' lang='lat' dir='ltr'>ubique</span> <span class='ocrx_word' id='word_1_147' title='bbox 1378 1277 1507 1315; x_wconf 89' lang='lat' dir='ltr'>sitiens</span> <span class='ocrx_word' id='word_1_148' title='bbox 1535 1278 1743 1329; x_wconf 85' lang='lat' dir='ltr'>religionis.</span> 
     </span>
     <span class='ocr_line' id='line_1_20' title="bbox 178 1342 1743 1394; baseline 0 -15"><span class='ocrx_word' id='word_1_149' title='bbox 178 1343 365 1393; x_wconf 84' lang='lat' dir='ltr'>Episcopi,</span> <span class='ocrx_word' id='word_1_150' title='bbox 411 1344 534 1393; x_wconf 90' lang='lat' dir='ltr'>potius</span> <span class='ocrx_word' id='word_1_151' title='bbox 571 1356 679 1394; x_wconf 84' lang='lat' dir='ltr'>quam</span> <span class='ocrx_word' id='word_1_152' title='bbox 714 1349 755 1379; x_wconf 91' lang='lat' dir='ltr'>ut</span> <span class='ocrx_word' id='word_1_153' title='bbox 789 1342 997 1392; x_wconf 77' lang='lat' dir='ltr'>relinquant</span> <span class='ocrx_word' id='word_1_154' title='bbox 1031 1354 1179 1391; x_wconf 86' lang='lat' dir='ltr'>papam,</span> <span class='ocrx_word' id='word_1_155' title='bbox 1222 1354 1331 1392; x_wconf 87' lang='lat' dir='ltr'>quem</span> <span class='ocrx_word' id='word_1_156' title='bbox 1369 1342 1483 1379; x_wconf 86' lang='lat' dir='ltr'>toties</span> <span class='ocrx_word' id='word_1_157' title='bbox 1513 1343 1595 1392; x_wconf 90' lang='lat' dir='ltr'>jam</span> <span class='ocrx_word' id='word_1_158' title='bbox 1631 1348 1743 1379; x_wconf 81' lang='lat' dir='ltr'>antea</span> 
     </span>
     <span class='ocr_line' id='line_1_21' title="bbox 176 1406 1744 1457; baseline 0.001 -14"><span class='ocrx_word' id='word_1_159' title='bbox 176 1406 395 1455; x_wconf 81' lang='lat' dir='ltr'>abjurarunt,</span> <span class='ocrx_word' id='word_1_160' title='bbox 422 1408 562 1444; x_wconf 88' lang='lat' dir='ltr'>malunt</span> <span class='ocrx_word' id='word_1_161' title='bbox 580 1408 708 1445; x_wconf 81' lang='lat' dir='ltr'>cedere</span> <span class='ocrx_word' id='word_1_162' title='bbox 732 1407 840 1444; x_wconf 88' lang='lat' dir='ltr'>rebus</span> <span class='ocrx_word' id='word_1_163' title='bbox 858 1406 1040 1444; x_wconf 83' lang='lat' dir='ltr'>omnibus.</span> <span class='ocrx_word' id='word_1_164' title='bbox 1097 1406 1178 1443; x_wconf 86' lang='lat' dir='ltr'>Nec</span> <span class='ocrx_word' id='word_1_165' title='bbox 1205 1411 1331 1443; x_wconf 82' lang='lat' dir='ltr'>tamen</span> <span class='ocrx_word' id='word_1_166' title='bbox 1358 1406 1396 1443; x_wconf 91' lang='lat' dir='ltr'>id</span> <span class='ocrx_word' id='word_1_167' title='bbox 1420 1407 1613 1457; x_wconf 86' lang='lat' dir='ltr'>religionis</span> <span class='ocrx_word' id='word_1_168' title='bbox 1632 1419 1744 1444; x_wconf 84' lang='lat' dir='ltr'>causa</span> 
     </span>
     <span class='ocr_line' id='line_1_22' title="bbox 175 1469 1739 1521; baseline 0.001 -15"><span class='ocrx_word' id='word_1_169' title='bbox 175 1470 325 1515; x_wconf 83' lang='lat' dir='ltr'>faciunt,</span> <span class='ocrx_word' id='word_1_170' title='bbox 345 1484 453 1521; x_wconf 87' lang='lat' dir='ltr'>quam</span> <span class='ocrx_word' id='word_1_171' title='bbox 472 1472 611 1508; x_wconf 87' lang='lat' dir='ltr'>nullam</span> <span class='ocrx_word' id='word_1_172' title='bbox 629 1471 781 1516; x_wconf 82' lang='lat' dir='ltr'>habent,</span> <span class='ocrx_word' id='word_1_173' title='bbox 794 1470 859 1507; x_wconf 88' lang='lat' dir='ltr'>sed</span> <span class='ocrx_word' id='word_1_174' title='bbox 871 1469 1110 1514; x_wconf 69' lang='lat' dir='ltr'>constantiae,</span> <span class='ocrx_word' id='word_1_175' title='bbox 1125 1483 1237 1520; x_wconf 85' lang='lat' dir='ltr'>quam</span> <span class='ocrx_word' id='word_1_176' title='bbox 1254 1470 1380 1508; x_wconf 89' lang='lat' dir='ltr'>miseri</span> <span class='ocrx_word' id='word_1_177' title='bbox 1398 1471 1603 1508; x_wconf 89' lang='lat' dir='ltr'>nebulones</span> <span class='ocrx_word' id='word_1_178' title='bbox 1617 1473 1739 1509; x_wconf 81' lang='lat' dir='ltr'>vocari</span> 
     </span>
     <span class='ocr_line' id='line_1_23' title="bbox 174 1534 1740 1586; baseline 0.001 -16"><span class='ocrx_word' id='word_1_179' title='bbox 174 1535 251 1583; x_wconf 86' lang='lat' dir='ltr'>jam</span> <span class='ocrx_word' id='word_1_180' title='bbox 270 1534 396 1571; x_wconf 85' lang='lat' dir='ltr'>volunt</span> <span class='ocrx_word' id='word_1_181' title='bbox 421 1536 698 1573; x_wconf 84' lang='lat' dir='ltr'>conscientiam.</span> <span class='ocrx_word' id='word_1_182' title='bbox 754 1534 916 1572; x_wconf 83' lang='lat' dir='ltr'>Sacrifici</span> <span class='ocrx_word' id='word_1_183' title='bbox 940 1535 1019 1584; x_wconf 88' lang='lat' dir='ltr'>jam</span> <span class='ocrx_word' id='word_1_184' title='bbox 1043 1534 1195 1571; x_wconf 87' lang='lat' dir='ltr'>tandem</span> <span class='ocrx_word' id='word_1_185' title='bbox 1224 1539 1369 1571; x_wconf 80' lang='lat' dir='ltr'>mutata</span> <span class='ocrx_word' id='word_1_186' title='bbox 1393 1535 1576 1586; x_wconf 85' lang='lat' dir='ltr'>religione</span> <span class='ocrx_word' id='word_1_187' title='bbox 1601 1536 1740 1586; x_wconf 75' lang='lat' dir='ltr'>passini</span> 
     </span>
     <span class='ocr_line' id='line_1_24' title="bbox 178 1598 1741 1651; baseline 0.002 -17"><span class='ocrx_word' id='word_1_188' title='bbox 178 1598 364 1635; x_wconf 85' lang='lat' dir='ltr'>abstinent</span> <span class='ocrx_word' id='word_1_189' title='bbox 395 1613 417 1636; x_wconf 83' lang='lat' dir='ltr'>a</span> <span class='ocrx_word' id='word_1_190' title='bbox 449 1605 547 1637; x_wconf 82' lang='lat' dir='ltr'>coetu</span> <span class='ocrx_word' id='word_1_191' title='bbox 583 1613 698 1643; x_wconf 84' lang='lat' dir='ltr'>sacro,</span> <span class='ocrx_word' id='word_1_192' title='bbox 733 1599 836 1649; x_wconf 82' lang='lat' dir='ltr'>quasi</span> <span class='ocrx_word' id='word_1_193' title='bbox 865 1598 1049 1649; x_wconf 82' lang='lat' dir='ltr'>piaculum</span> <span class='ocrx_word' id='word_1_194' title='bbox 1083 1611 1268 1636; x_wconf 89' lang='lat' dir='ltr'>summum</span> <span class='ocrx_word' id='word_1_195' title='bbox 1301 1599 1350 1635; x_wconf 87' lang='lat' dir='ltr'>sit</span> <span class='ocrx_word' id='word_1_196' title='bbox 1377 1612 1463 1636; x_wconf 87' lang='lat' dir='ltr'>cum</span> <span class='ocrx_word' id='word_1_197' title='bbox 1495 1599 1636 1651; x_wconf 87' lang='lat' dir='ltr'>populo</span> <span class='ocrx_word' id='word_1_198' title='bbox 1668 1600 1741 1637; x_wconf 87' lang='lat' dir='ltr'>Dei</span> 
     </span>
     <span class='ocr_line' id='line_1_25' title="bbox 178 1661 1742 1711; baseline 0.002 -14"><span class='ocrx_word' id='word_1_199' title='bbox 178 1661 370 1711; x_wconf 86' lang='lat' dir='ltr'>quicquam</span> <span class='ocrx_word' id='word_1_200' title='bbox 389 1662 523 1700; x_wconf 85' lang='lat' dir='ltr'>habere</span> <span class='ocrx_word' id='word_1_201' title='bbox 543 1676 750 1700; x_wconf 90' lang='lat' dir='ltr'>commune.</span> <span class='ocrx_word' id='word_1_202' title='bbox 807 1664 877 1700; x_wconf 87' lang='lat' dir='ltr'>Est</span> <span class='ocrx_word' id='word_1_203' title='bbox 903 1670 1024 1700; x_wconf 84' lang='lat' dir='ltr'>autem</span> <span class='ocrx_word' id='word_1_204' title='bbox 1053 1669 1161 1700; x_wconf 82' lang='lat' dir='ltr'>tanta</span> <span class='ocrx_word' id='word_1_205' title='bbox 1181 1663 1327 1700; x_wconf 89' lang='lat' dir='ltr'>illorum</span> <span class='ocrx_word' id='word_1_206' title='bbox 1353 1663 1582 1700; x_wconf 89' lang='lat' dir='ltr'>nebulonum</span> <span class='ocrx_word' id='word_1_207' title='bbox 1609 1664 1742 1708; x_wconf 77' lang='lat' dir='ltr'>rabies,</span> 
     </span>
     <span class='ocr_line' id='line_1_26' title="bbox 177 1726 1745 1778; baseline 0.002 -17"><span class='ocrx_word' id='word_1_208' title='bbox 177 1730 218 1761; x_wconf 91' lang='lat' dir='ltr'>ut</span> <span class='ocrx_word' id='word_1_209' title='bbox 236 1726 327 1762; x_wconf 92' lang='lat' dir='ltr'>nihil</span> <span class='ocrx_word' id='word_1_210' title='bbox 347 1740 464 1777; x_wconf 84' lang='lat' dir='ltr'>snpra.</span> <span class='ocrx_word' id='word_1_211' title='bbox 519 1727 682 1764; x_wconf 87' lang='lat' dir='ltr'>Omnino</span> <span class='ocrx_word' id='word_1_212' title='bbox 701 1733 858 1778; x_wconf 87' lang='lat' dir='ltr'>sperant,</span> <span class='ocrx_word' id='word_1_213' title='bbox 882 1733 919 1764; x_wconf 90' lang='lat' dir='ltr'>et</span> <span class='ocrx_word' id='word_1_214' title='bbox 946 1727 1165 1778; x_wconf 77' lang='lat' dir='ltr'>praedicant,</span> <span class='ocrx_word' id='word_1_215' title='bbox 1189 1726 1267 1778; x_wconf 84' lang='lat' dir='ltr'>(est</span> <span class='ocrx_word' id='word_1_216' title='bbox 1294 1727 1408 1773; x_wconf 90' lang='lat' dir='ltr'>enim,</span> <span class='ocrx_word' id='word_1_217' title='bbox 1438 1734 1479 1764; x_wconf 89' lang='lat' dir='ltr'>ut</span> <span class='ocrx_word' id='word_1_218' title='bbox 1506 1728 1592 1773; x_wconf 86' lang='lat' dir='ltr'>scis,</span> <span class='ocrx_word' id='word_1_219' title='bbox 1621 1741 1745 1778; x_wconf 73' lang='lat' dir='ltr'>genus,</span> 
     </span>
     <span class='ocr_line' id='line_1_27' title="bbox 177 1787 1740 1842; baseline 0.003 -17"><span class='ocrx_word' id='word_1_220' title='bbox 177 1787 364 1826; x_wconf 90' lang='lat' dir='ltr'>hominum</span> <span class='ocrx_word' id='word_1_221' title='bbox 381 1791 770 1841; x_wconf 60' lang='lat' dir='ltr'>praedictiosissimum,</span> <span class='ocrx_word' id='word_1_222' title='bbox 788 1797 825 1828; x_wconf 85' lang='lat' dir='ltr'>et</span> <span class='ocrx_word' id='word_1_223' title='bbox 839 1792 944 1829; x_wconf 87' lang='lat' dir='ltr'>valde</span> <span class='ocrx_word' id='word_1_224' title='bbox 963 1792 1129 1829; x_wconf 85' lang='lat' dir='ltr'>deditum</span> <span class='ocrx_word' id='word_1_225' title='bbox 1146 1790 1459 1842; x_wconf 82' lang='lat' dir='ltr'>futuritionibuS‚)</span> <span class='ocrx_word' id='word_1_226' title='bbox 1477 1792 1548 1829; x_wconf 83' lang='lat' dir='ltr'>ista</span> <span class='ocrx_word' id='word_1_227' title='bbox 1566 1804 1643 1829; x_wconf 90' lang='lat' dir='ltr'>non</span> <span class='ocrx_word' id='word_1_228' title='bbox 1661 1792 1740 1830; x_wconf 87' lang='lat' dir='ltr'>fore</span> 
     </span>
     <span class='ocr_line' id='line_1_28' title="bbox 179 1853 1739 1906; baseline 0.003 -17"><span class='ocrx_word' id='word_1_229' title='bbox 179 1853 360 1890; x_wconf 89' lang='lat' dir='ltr'>diuturna.</span> <span class='ocrx_word' id='word_1_230' title='bbox 413 1854 485 1891; x_wconf 87' lang='lat' dir='ltr'>Sed</span> <span class='ocrx_word' id='word_1_231' title='bbox 513 1855 684 1905; x_wconf 85' lang='lat' dir='ltr'>quicquid</span> <span class='ocrx_word' id='word_1_232' title='bbox 710 1856 871 1893; x_wconf 88' lang='lat' dir='ltr'>futurum</span> <span class='ocrx_word' id='word_1_233' title='bbox 900 1862 968 1901; x_wconf 84' lang='lat' dir='ltr'>est,</span> <span class='ocrx_word' id='word_1_234' title='bbox 995 1869 1067 1893; x_wconf 90' lang='lat' dir='ltr'>nos</span> <span class='ocrx_word' id='word_1_235' title='bbox 1093 1856 1241 1906; x_wconf 81' lang='lat' dir='ltr'>agimus</span> <span class='ocrx_word' id='word_1_236' title='bbox 1270 1856 1354 1893; x_wconf 92' lang='lat' dir='ltr'>Deo</span> <span class='ocrx_word' id='word_1_237' title='bbox 1384 1856 1540 1906; x_wconf 89' lang='lat' dir='ltr'>Optimo</span> <span class='ocrx_word' id='word_1_238' title='bbox 1567 1856 1739 1895; x_wconf 77' lang='lat' dir='ltr'>Maximo</span> 
     </span>
     <span class='ocr_line' id='line_1_29' title="bbox 177 1917 1477 1971; baseline 0.003 -19"><span class='ocrx_word' id='word_1_239' title='bbox 177 1917 328 1966; x_wconf 83' lang='lat' dir='ltr'>gratias,</span> <span class='ocrx_word' id='word_1_240' title='bbox 358 1919 455 1967; x_wconf 87' lang='lat' dir='ltr'>quod</span> <span class='ocrx_word' id='word_1_241' title='bbox 473 1932 530 1955; x_wconf 89' lang='lat' dir='ltr'>res</span> <span class='ocrx_word' id='word_1_242' title='bbox 550 1925 689 1957; x_wconf 74' lang='lat' dir='ltr'>nostrae</span> <span class='ocrx_word' id='word_1_243' title='bbox 709 1933 754 1957; x_wconf 89' lang='lat' dir='ltr'>eo</span> <span class='ocrx_word' id='word_1_244' title='bbox 774 1921 851 1969; x_wconf 75' lang='lat' dir='ltr'>jain</span> <span class='ocrx_word' id='word_1_245' title='bbox 879 1921 1027 1958; x_wconf 86' lang='lat' dir='ltr'>tandem</span> <span class='ocrx_word' id='word_1_246' title='bbox 1049 1921 1134 1958; x_wconf 83' lang='lat' dir='ltr'>loco</span> <span class='ocrx_word' id='word_1_247' title='bbox 1160 1920 1246 1965; x_wconf 88' lang='lat' dir='ltr'>sint,</span> <span class='ocrx_word' id='word_1_248' title='bbox 1278 1933 1353 1971; x_wconf 92' lang='lat' dir='ltr'>quo</span> <span class='ocrx_word' id='word_1_249' title='bbox 1378 1926 1477 1957; x_wconf 88' lang='lat' dir='ltr'>sunt.</span> 
     </span>
    </p>

    <p class='ocr_par' dir='ltr' id='par_1_7' title="bbox 175 1981 1742 2783">
     <span class='ocr_line' id='line_1_30' title="bbox 255 1981 1742 2036; baseline 0.003 -19"><span class='ocrx_word' id='word_1_250' title='bbox 255 1981 299 2017; x_wconf 90' lang='grc'>111</span> <span class='ocrx_word' id='word_1_251' title='bbox 333 1981 457 2018; x_wconf 86' lang='lat' dir='ltr'>Scotia</span> <span class='ocrx_word' id='word_1_252' title='bbox 491 1982 632 2020; x_wconf 84' lang='lat' dir='ltr'>fervent</span> <span class='ocrx_word' id='word_1_253' title='bbox 666 1984 802 2021; x_wconf 85' lang='lat' dir='ltr'>onmia.</span> <span class='ocrx_word' id='word_1_254' title='bbox 856 1984 1029 2029; x_wconf 81' lang='lat' dir='ltr'>Knoxus,</span> <span class='ocrx_word' id='word_1_255' title='bbox 1065 1984 1210 2022; x_wconf 89' lang='lat' dir='ltr'>cinctus</span> <span class='ocrx_word' id='word_1_256' title='bbox 1245 1984 1347 2022; x_wconf 87' lang='lat' dir='ltr'>mille</span> <span class='ocrx_word' id='word_1_257' title='bbox 1387 1984 1622 2031; x_wconf 85' lang='lat' dir='ltr'>satellitibus,</span> <span class='ocrx_word' id='word_1_258' title='bbox 1659 1986 1742 2036; x_wconf 86' lang='lat' dir='ltr'>agit</span> 
     </span>
     <span class='ocr_line' id='line_1_31' title="bbox 177 2048 1740 2098; baseline 0.005 -19"><span class='ocrx_word' id='word_1_259' title='bbox 177 2050 377 2081; x_wconf 67' lang='lat' dir='ltr'>conventus</span> <span class='ocrx_word' id='word_1_260' title='bbox 403 2059 468 2094; x_wconf 87' lang='lat' dir='ltr'>per</span> <span class='ocrx_word' id='word_1_261' title='bbox 497 2052 614 2083; x_wconf 88' lang='lat' dir='ltr'>totum</span> <span class='ocrx_word' id='word_1_262' title='bbox 643 2060 808 2096; x_wconf 80' lang='lat' dir='ltr'>regnum.</span> <span class='ocrx_word' id='word_1_263' title='bbox 865 2048 1015 2098; x_wconf 82' lang='lat' dir='ltr'>Regina</span> <span class='ocrx_word' id='word_1_264' title='bbox 1045 2048 1170 2085; x_wconf 86' lang='lat' dir='ltr'>vetula</span> <span class='ocrx_word' id='word_1_265' title='bbox 1200 2054 1331 2086; x_wconf 83' lang='lat' dir='ltr'>coacta</span> <span class='ocrx_word' id='word_1_266' title='bbox 1359 2054 1416 2086; x_wconf 87' lang='lat' dir='ltr'>est</span> <span class='ocrx_word' id='word_1_267' title='bbox 1443 2062 1523 2086; x_wconf 88' lang='lat' dir='ltr'>sese</span> <span class='ocrx_word' id='word_1_268' title='bbox 1551 2049 1740 2088; x_wconf 86' lang='lat' dir='ltr'>includere</span> 
     </span>
     <span class='ocr_line' id='line_1_32' title="bbox 178 2107 1739 2164; baseline 0.005 -21"><span class='ocrx_word' id='word_1_269' title='bbox 178 2107 215 2144; x_wconf 87' lang='lat' dir='ltr'>in</span> <span class='ocrx_word' id='word_1_270' title='bbox 243 2108 464 2156; x_wconf 64' lang='lat' dir='ltr'>przesidium.</span> <span class='ocrx_word' id='word_1_271' title='bbox 521 2110 706 2148; x_wconf 83' lang='lat' dir='ltr'>Nobilitas</span> <span class='ocrx_word' id='word_1_272' title='bbox 729 2113 935 2161; x_wconf 86' lang='lat' dir='ltr'>conjunctis</span> <span class='ocrx_word' id='word_1_273' title='bbox 960 2113 1096 2150; x_wconf 85' lang='lat' dir='ltr'>animis</span> <span class='ocrx_word' id='word_1_274' title='bbox 1120 2118 1157 2149; x_wconf 92' lang='lat' dir='ltr'>et</span> <span class='ocrx_word' id='word_1_275' title='bbox 1173 2113 1310 2150; x_wconf 85' lang='lat' dir='ltr'>viribus</span> <span class='ocrx_word' id='word_1_276' title='bbox 1334 2113 1496 2150; x_wconf 82' lang='lat' dir='ltr'>restituit</span> <span class='ocrx_word' id='word_1_277' title='bbox 1521 2113 1660 2164; x_wconf 87' lang='lat' dir='ltr'>ubique</span> <span class='ocrx_word' id='word_1_278' title='bbox 1684 2128 1739 2152; x_wconf 91' lang='lat' dir='ltr'>re-</span> 
     </span>
     <span class='ocr_line' id='line_1_33' title="bbox 178 2170 1737 2228; baseline 0.006 -22"><span class='ocrx_word' id='word_1_279' title='bbox 178 2170 353 2220; x_wconf 87' lang='lat' dir='ltr'>ligionem</span> <span class='ocrx_word' id='word_1_280' title='bbox 389 2173 513 2210; x_wconf 87' lang='lat' dir='ltr'>invitis</span> <span class='ocrx_word' id='word_1_281' title='bbox 552 2175 731 2212; x_wconf 86' lang='lat' dir='ltr'>omnibus.</span> <span class='ocrx_word' id='word_1_282' title='bbox 790 2176 1021 2213; x_wconf 85' lang='lat' dir='ltr'>Monasteria</span> <span class='ocrx_word' id='word_1_283' title='bbox 1056 2177 1194 2227; x_wconf 79' lang='lat' dir='ltr'>passim</span> <span class='ocrx_word' id='word_1_284' title='bbox 1235 2177 1362 2214; x_wconf 86' lang='lat' dir='ltr'>omnia</span> <span class='ocrx_word' id='word_1_285' title='bbox 1398 2183 1596 2228; x_wconf 81' lang='lat' dir='ltr'>aequantur</span> <span class='ocrx_word' id='word_1_286' title='bbox 1634 2179 1737 2223; x_wconf 86' lang='lat' dir='ltr'>solo;</span> 
     </span>
     <span class='ocr_line' id='line_1_34' title="bbox 177 2237 1740 2294; baseline 0.006 -24"><span class='ocrx_word' id='word_1_287' title='bbox 177 2240 294 2271; x_wconf 86' lang='lat' dir='ltr'>vestes</span> <span class='ocrx_word' id='word_1_288' title='bbox 323 2237 490 2281; x_wconf 59' lang='grc'><strong>30001010,</strong></span> <span class='ocrx_word' id='word_1_289' title='bbox 520 2238 650 2275; x_wconf 82' lang='lat' dir='ltr'>calices</span> <span class='ocrx_word' id='word_1_290' title='bbox 679 2240 859 2289; x_wconf 80' lang='lat' dir='ltr'>sacrilegi,</span> <span class='ocrx_word' id='word_1_291' title='bbox 889 2240 1001 2286; x_wconf 85' lang='lat' dir='ltr'>idola,</span> <span class='ocrx_word' id='word_1_292' title='bbox 1030 2241 1158 2278; x_wconf 81' lang='lat' dir='ltr'>altaria</span> <span class='ocrx_word' id='word_1_293' title='bbox 1186 2242 1470 2279; x_wconf 80' lang='lat' dir='ltr'>comburuntur:</span> <span class='ocrx_word' id='word_1_294' title='bbox 1505 2255 1552 2280; x_wconf 87' lang='lat' dir='ltr'>ne</span> <span class='ocrx_word' id='word_1_295' title='bbox 1580 2243 1740 2294; x_wconf 79' lang='lat' dir='ltr'>vestigia.</span> 
     </span>
     <span class='ocr_line' id='line_1_35' title="bbox 175 2299 1738 2357; baseline 0.006 -23"><span class='ocrx_word' id='word_1_296' title='bbox 175 2299 321 2348; x_wconf 83' lang='lat' dir='ltr'>quidem</span> <span class='ocrx_word' id='word_1_297' title='bbox 355 2300 484 2349; x_wconf 60' lang='lat' dir='ltr'>prisca-0</span> <span class='ocrx_word' id='word_1_298' title='bbox 512 2302 781 2351; x_wconf 86' lang='lat' dir='ltr'>superstitionis</span> <span class='ocrx_word' id='word_1_299' title='bbox 809 2309 844 2340; x_wconf 91' lang='lat' dir='ltr'>et</span> <span class='ocrx_word' id='word_1_300' title='bbox 871 2305 1093 2342; x_wconf 54' lang='lat' dir='ltr'>idololatria)</span> <span class='ocrx_word' id='word_1_301' title='bbox 1119 2305 1386 2356; x_wconf 86' lang='lat' dir='ltr'>relinquuntur.</span> <span class='ocrx_word' id='word_1_302' title='bbox 1443 2305 1543 2351; x_wconf 86' lang='lat' dir='ltr'>Quid</span> <span class='ocrx_word' id='word_1_303' title='bbox 1573 2307 1738 2357; x_wconf 78' lang='lat' dir='ltr'>quaeris?</span> 
     </span>
     <span class='ocr_line' id='line_1_36' title="bbox 175 2363 1738 2421; baseline 0.007 -23"><span class='ocrx_word' id='word_1_304' title='bbox 175 2363 308 2400; x_wconf 80' lang='lat' dir='ltr'>audisti</span> <span class='ocrx_word' id='word_1_305' title='bbox 341 2377 451 2414; x_wconf 67' lang='lat' dir='ltr'>saepe,</span> <span class='ocrx_word' id='word_1_306' title='bbox 485 2365 649 2402; x_wconf 72' lang='grc' dir='ltr'>σκυθιστὶ</span> <span class='ocrx_word' id='word_1_307' title='bbox 682 2372 793 2405; x_wconf 68' lang='grc' dir='ltr'>’πιεῖνῑ</span> <span class='ocrx_word' id='word_1_308' title='bbox 830 2367 902 2405; x_wconf 84' lang='grc'><strong>1100</strong></span> <span class='ocrx_word' id='word_1_309' title='bbox 935 2382 1021 2406; x_wconf 83' lang='lat' dir='ltr'>vero</span> <span class='ocrx_word' id='word_1_310' title='bbox 1051 2375 1107 2406; x_wconf 87' lang='lat' dir='ltr'>est</span> <span class='ocrx_word' id='word_1_311' title='bbox 1141 2369 1308 2407; x_wconf 74' lang='grc' dir='ltr'>σκυθιστὶ</span> <span class='ocrx_word' id='word_1_312' title='bbox 1341 2368 1600 2421; x_wconf 74' lang='grc' dir='ltr'>ἐκκλησιάζειν.</span> <span class='ocrx_word' id='word_1_313' title='bbox 1655 2372 1738 2409; x_wconf 62' lang='lat' dir='ltr'>Rex</span> 
     </span>
     <span class='ocr_line' id='line_1_37' title="bbox 177 2426 1738 2487; baseline 0.008 -25"><span class='ocrx_word' id='word_1_314' title='bbox 177 2426 320 2469; x_wconf 64' lang='lat' dir='ltr'>Galliac,</span> <span class='ocrx_word' id='word_1_315' title='bbox 348 2428 408 2476; x_wconf 82' lang='lat' dir='ltr'>qui</span> <span class='ocrx_word' id='word_1_316' title='bbox 434 2441 530 2466; x_wconf 85' lang='grc'><strong>1111110</strong></span> <span class='ocrx_word' id='word_1_317' title='bbox 558 2436 624 2474; x_wconf 81' lang='lat' dir='ltr'>est,</span> <span class='ocrx_word' id='word_1_318' title='bbox 644 2431 768 2468; x_wconf 86' lang='lat' dir='ltr'>scribit</span> <span class='ocrx_word' id='word_1_319' title='bbox 786 2445 824 2468; x_wconf 89' lang='lat' dir='ltr'>se</span> <span class='ocrx_word' id='word_1_320' title='bbox 842 2445 968 2482; x_wconf 84' lang='lat' dir='ltr'>regem</span> <span class='ocrx_word' id='word_1_321' title='bbox 988 2432 1126 2470; x_wconf 72' lang='lat' dir='ltr'>Scotiae</span> <span class='ocrx_word' id='word_1_322' title='bbox 1147 2440 1184 2471; x_wconf 84' lang='lat' dir='ltr'>et</span> <span class='ocrx_word' id='word_1_323' title='bbox 1203 2434 1391 2472; x_wconf 78' lang='lat' dir='ltr'>haeredem</span> <span class='ocrx_word' id='word_1_324' title='bbox 1408 2434 1578 2486; x_wconf 80' lang='lat' dir='ltr'>Angliae,</span> <span class='ocrx_word' id='word_1_325' title='bbox 1601 2436 1633 2473; x_wconf 90' lang='lat' dir='ltr'>si</span> <span class='ocrx_word' id='word_1_326' title='bbox 1651 2437 1738 2487; x_wconf 87' lang='lat' dir='ltr'>quid</span> 
     </span>
     <span class='ocr_line' id='line_1_38' title="bbox 175 2490 1736 2547; baseline 0.009 -23"><span class='ocrx_word' id='word_1_327' title='bbox 175 2490 313 2538; x_wconf 54' lang='lat' dir='ltr'>reginzo.</span> <span class='ocrx_word' id='word_1_328' title='bbox 342 2497 491 2536; x_wconf 62' lang='lat' dir='ltr'>nostrae,</span> <span class='ocrx_word' id='word_1_329' title='bbox 517 2492 634 2543; x_wconf 86' lang='lat' dir='ltr'>(quod</span> <span class='ocrx_word' id='word_1_330' title='bbox 662 2494 764 2531; x_wconf 85' lang='lat' dir='ltr'>Deus</span> <span class='ocrx_word' id='word_1_331' title='bbox 800 2494 983 2546; x_wconf 71' lang='lat' dir='ltr'>avertatl)</span> <span class='ocrx_word' id='word_1_332' title='bbox 1018 2498 1217 2547; x_wconf 83' lang='lat' dir='ltr'>contingat</span> <span class='ocrx_word' id='word_1_333' title='bbox 1252 2497 1479 2537; x_wconf 86' lang='lat' dir='ltr'>humanitus.</span> <span class='ocrx_word' id='word_1_334' title='bbox 1536 2499 1582 2537; x_wconf 79' lang='lat' dir='ltr'>Id</span> <span class='ocrx_word' id='word_1_335' title='bbox 1612 2501 1736 2539; x_wconf 86' lang='lat' dir='ltr'>mirari</span> 
     </span>
     <span class='ocr_line' id='line_1_39' title="bbox 178 2553 1734 2614; baseline 0.01 -26"><span class='ocrx_word' id='word_1_336' title='bbox 178 2566 250 2589; x_wconf 88' lang='lat' dir='ltr'>non</span> <span class='ocrx_word' id='word_1_337' title='bbox 272 2553 394 2600; x_wconf 81' lang='lat' dir='ltr'>debes,</span> <span class='ocrx_word' id='word_1_338' title='bbox 422 2556 451 2592; x_wconf 88' lang='lat' dir='ltr'>si</span> <span class='ocrx_word' id='word_1_339' title='bbox 475 2557 591 2593; x_wconf 85' lang='lat' dir='ltr'>nostri</span> <span class='ocrx_word' id='word_1_340' title='bbox 617 2557 786 2595; x_wconf 88' lang='lat' dir='ltr'>homines</span> <span class='ocrx_word' id='word_1_341' title='bbox 811 2559 964 2597; x_wconf 86' lang='lat' dir='ltr'>moleste</span> <span class='ocrx_word' id='word_1_342' title='bbox 989 2560 1128 2598; x_wconf 82' lang='lat' dir='ltr'>ferant:</span> <span class='ocrx_word' id='word_1_343' title='bbox 1159 2568 1196 2599; x_wconf 81' lang='lat' dir='ltr'>et</span> <span class='ocrx_word' id='word_1_344' title='bbox 1215 2575 1287 2612; x_wconf 91' lang='lat' dir='ltr'>quo</span> <span class='ocrx_word' id='word_1_345' title='bbox 1310 2576 1369 2600; x_wconf 87' lang='lat' dir='ltr'>res</span> <span class='ocrx_word' id='word_1_346' title='bbox 1388 2569 1561 2614; x_wconf 84' lang='lat' dir='ltr'>eruptura</span> <span class='ocrx_word' id='word_1_347' title='bbox 1585 2566 1734 2603; x_wconf 84' lang='lat' dir='ltr'>tandem</span> 
     </span>
     <span class='ocr_line' id='line_1_40' title="bbox 177 2616 1739 2671; baseline 0.011 -21"><span class='ocrx_word' id='word_1_348' title='bbox 177 2616 235 2659; x_wconf 83' lang='lat' dir='ltr'>sit,</span> <span class='ocrx_word' id='word_1_349' title='bbox 266 2618 360 2652; x_wconf 75' lang='grc' dir='ltr'>Θεοῦ</span> <span class='ocrx_word' id='word_1_350' title='bbox 386 2618 421 2655; x_wconf 85' lang='grc' dir='ltr'>ἐν</span> <span class='ocrx_word' id='word_1_351' title='bbox 448 2619 596 2665; x_wconf 63' lang='grc' dir='ltr'>γούνασι</span> <span class='ocrx_word' id='word_1_352' title='bbox 625 2627 750 2658; x_wconf 79' lang='grc' dir='ltr'>κεῖται.</span> <span class='ocrx_word' id='word_1_353' title='bbox 805 2623 988 2669; x_wconf 81' lang='lat' dir='ltr'>Fortasse,</span> <span class='ocrx_word' id='word_1_354' title='bbox 1019 2632 1059 2661; x_wconf 87' lang='lat' dir='ltr'>ut</span> <span class='ocrx_word' id='word_1_355' title='bbox 1078 2626 1132 2671; x_wconf 90' lang='lat' dir='ltr'>fit,</span> <span class='ocrx_word' id='word_1_356' title='bbox 1157 2628 1367 2664; x_wconf 87' lang='lat' dir='ltr'>communis</span> <span class='ocrx_word' id='word_1_357' title='bbox 1386 2627 1506 2665; x_wconf 84' lang='lat' dir='ltr'>hostis</span> <span class='ocrx_word' id='word_1_358' title='bbox 1525 2630 1739 2668; x_wconf 83' lang='lat' dir='ltr'>conciliabit</span> 
     </span>
     <span class='ocr_line' id='line_1_41' title="bbox 179 2680 1737 2743; baseline 0.011 -28"><span class='ocrx_word' id='word_1_359' title='bbox 179 2680 280 2715; x_wconf 71' lang='lat' dir='ltr'>nobis</span> <span class='ocrx_word' id='word_1_360' title='bbox 311 2682 467 2720; x_wconf 64' lang='lat' dir='ltr'>vicinum</span> <span class='ocrx_word' id='word_1_361' title='bbox 501 2685 672 2722; x_wconf 75' lang='lat' dir='ltr'>Scotum:</span> <span class='ocrx_word' id='word_1_362' title='bbox 711 2687 810 2735; x_wconf 87' lang='lat' dir='ltr'>quod</span> <span class='ocrx_word' id='word_1_363' title='bbox 839 2687 867 2723; x_wconf 82' lang='lat' dir='ltr'>si</span> <span class='ocrx_word' id='word_1_364' title='bbox 898 2688 958 2732; x_wconf 83' lang='lat' dir='ltr'>sit,</span> <span class='ocrx_word' id='word_1_365' title='bbox 988 2689 1057 2726; x_wconf 84' lang='lat' dir='ltr'>etsi</span> <span class='ocrx_word' id='word_1_366' title='bbox 1091 2691 1272 2727; x_wconf 83' lang='lat' dir='ltr'>accedant</span> <span class='ocrx_word' id='word_1_367' title='bbox 1296 2691 1409 2728; x_wconf 87' lang='lat' dir='ltr'>etiam</span> <span class='ocrx_word' id='word_1_368' title='bbox 1434 2693 1737 2743; x_wconf 81' lang='lat' dir='ltr'>nuptiae,—sed</span> 
     </span>
     <span class='ocr_line' id='line_1_42' title="bbox 177 2743 499 2783; baseline 0.016 -5"><span class='ocrx_word' id='word_1_369' title='bbox 177 2743 303 2779; x_wconf 67' lang='lat' dir='ltr'>des-ino</span> <span class='ocrx_word' id='word_1_370' title='bbox 329 2745 499 2783; x_wconf 78' lang='lat' dir='ltr'>divinare.</span> 
     </span>
    </p>

    <p class='ocr_par' dir='ltr' id='par_1_8' title="bbox 174 2807 1736 2996">
     <span class='ocr_line' id='line_1_43' title="bbox 255 2807 1735 2871; baseline 0.012 -28"><span class='ocrx_word' id='word_1_371' title='bbox 255 2807 300 2843; x_wconf 88' lang='lat' dir='ltr'>D.</span> <span class='ocrx_word' id='word_1_372' title='bbox 325 2808 494 2845; x_wconf 71' lang='lat' dir='ltr'>Hctonus</span> <span class='ocrx_word' id='word_1_373' title='bbox 510 2818 546 2847; x_wconf 90' lang='lat' dir='ltr'>tc</span> <span class='ocrx_word' id='word_1_374' title='bbox 566 2813 712 2857; x_wconf 80' lang='lat' dir='ltr'>salutat,</span> <span class='ocrx_word' id='word_1_375' title='bbox 732 2814 840 2864; x_wconf 87' lang='lat' dir='ltr'>idque</span> <span class='ocrx_word' id='word_1_376' title='bbox 859 2828 933 2851; x_wconf 88' lang='lat' dir='ltr'>non</span> <span class='ocrx_word' id='word_1_377' title='bbox 953 2817 1076 2854; x_wconf 88' lang='lat' dir='ltr'>minus</span> <span class='ocrx_word' id='word_1_378' title='bbox 1091 2818 1223 2863; x_wconf 85' lang='lat' dir='ltr'>amice,</span> <span class='ocrx_word' id='word_1_379' title='bbox 1243 2832 1353 2869; x_wconf 87' lang='lat' dir='ltr'>quam</span> <span class='ocrx_word' id='word_1_380' title='bbox 1376 2821 1406 2857; x_wconf 90' lang='lat' dir='ltr'>si</span> <span class='ocrx_word' id='word_1_381' title='bbox 1430 2821 1483 2858; x_wconf 88' lang='lat' dir='ltr'>illi</span> <span class='ocrx_word' id='word_1_382' title='bbox 1502 2827 1605 2871; x_wconf 79' lang='lat' dir='ltr'>pater</span> <span class='ocrx_word' id='word_1_383' title='bbox 1623 2836 1735 2861; x_wconf 85' lang='lat' dir='ltr'>esses.</span> 
     </span>
     <span class='ocr_line' id='line_1_44' title="bbox 177 2868 1736 2929; baseline 0.012 -24"><span class='ocrx_word' id='word_1_384' title='bbox 177 2868 330 2921; x_wconf 76' lang='lat' dir='ltr'>Aliquot</span> <span class='ocrx_word' id='word_1_385' title='bbox 361 2879 525 2910; x_wconf 84' lang='lat' dir='ltr'>nostrum</span> <span class='ocrx_word' id='word_1_386' title='bbox 558 2876 793 2925; x_wconf 74' lang='lat' dir='ltr'>designamur</span> <span class='ocrx_word' id='word_1_387' title='bbox 825 2879 1012 2929; x_wconf 82' lang='lat' dir='ltr'>episcopi:</span> <span class='ocrx_word' id='word_1_388' title='bbox 1051 2880 1177 2918; x_wconf 70' lang='lat' dir='ltr'>Coxus</span> <span class='ocrx_word' id='word_1_389' title='bbox 1207 2882 1378 2929; x_wconf 61' lang='lat' dir='ltr'>Elim-isis,</span> <span class='ocrx_word' id='word_1_390' title='bbox 1409 2885 1580 2922; x_wconf 82' lang='lat' dir='ltr'>Scoraeus</span> <span class='ocrx_word' id='word_1_391' title='bbox 1610 2886 1736 2924; x_wconf 88' lang='lat' dir='ltr'>Erfor-</span> 
     </span>
     <span class='ocr_line' id='line_1_45' title="bbox 174 2933 1732 2996; baseline 0.013 -27"><span class='ocrx_word' id='word_1_392' title='bbox 174 2933 319 2979; x_wconf 70' lang='lat' dir='ltr'>diensis,</span> <span class='ocrx_word' id='word_1_393' title='bbox 348 2935 486 2973; x_wconf 73' lang='lat' dir='ltr'>Alanus</span> <span class='ocrx_word' id='word_1_394' title='bbox 507 2938 704 2984; x_wconf 79' lang='lat' dir='ltr'>Roffensis‚</span> <span class='ocrx_word' id='word_1_395' title='bbox 725 2940 920 2979; x_wconf 85' lang='lat' dir='ltr'>Grindalus</span> <span class='ocrx_word' id='word_1_396' title='bbox 941 2942 1202 2991; x_wconf 82' lang='lat' dir='ltr'>Londinensis,</span> <span class='ocrx_word' id='word_1_397' title='bbox 1225 2946 1402 2985; x_wconf 73' lang='lat' dir='ltr'>Barlovus</span> <span class='ocrx_word' id='word_1_398' title='bbox 1421 2948 1732 2996; x_wconf 84' lang='lat' dir='ltr'>Chichestrensis,</span> 
     </span>
    </p>
   </div>
  </div>
 </body>
</html>
