1845 3233
136 141 272 198 ,cxxhl
417 157 608 184 RiCARDUs
641 156 766 184 COXUS
800 156 851 183 AD
887 155 1094 182 IIENRICUM
1127 154 1425 181 BULLINGERUM.
1622 140 1702 181 101

661 354 956 397 EPISTOLA
997 354 1169 397 CXXI.

317 532 561 566 RICARDUS
587 535 740 567 COXUS
768 535 835 566 AD
865 534 1123 566 HENRICUM
1154 531 1524 564 BULLINGERUM.

215 609 273 647 Ex
295 610 422 657 literis,
452 625 542 662 quas
563 612 749 663 superiore
768 624 852 650 vere
871 611 1024 662 scriptas
1044 624 1171 648 mense
1190 610 1213 648 J
1217 610 1304 648 unio
1324 609 1462 660 accepi,
1482 622 1597 655 meas,
1617 622 1708 659 quas

137 686 235 711 anno
258 676 357 711 1573
377 676 423 713 ad
443 682 480 714 te
499 677 682 722 dederam,
712 676 779 714 tibi
797 689 871 713 non
889 676 1004 714 fuisse
1027 675 1181 713 traditas
1205 673 1384 712 intellexi.
1441 674 1539 719 Quae
1564 686 1622 711 res
1643 674 1709 711 tibi

135 739 345 789 suspicandi
362 753 511 778 causam
532 741 808 779 subministrare
827 740 960 792 potuit,
988 754 1049 778 me
1072 740 1229 778 scribere
1250 738 1472 789 neglexisse.
1530 737 1642 776 Certe
1665 752 1710 776 ea

136 803 380 854 negligentia,
409 805 520 843 frater
549 805 587 843 in
614 805 766 844 Christo
790 805 1043 850 dilectissime,
1070 804 1224 843 crimine
1249 817 1323 842 non
1343 809 1500 848 vacaret,
1531 803 1562 841 si
1581 816 1710 854 passus

134 867 285 905 fuissem
307 881 388 906 eam
409 869 690 920 ingratitudinis
711 874 838 907 notam
858 868 949 906 mihi
968 868 1076 914 inuri,
1096 874 1137 905 ut
1155 868 1356 906 amicorum
1376 868 1502 905 literas
1520 873 1558 904 et
1576 868 1655 918 pias
1674 873 1712 904 et

138 931 265 969 doctas
285 938 323 970 et
346 932 611 971 humanissime
636 934 788 985 scriptas
812 933 1056 984 negligerem,
1082 933 1198 983 iisque
1223 932 1389 970 officiose
1407 932 1630 984 respondere
1649 932 1710 969 de-

134 1001 341 1034 trectarem.
397 998 534 1049 Scripsi
553 998 724 1050 equidem
744 998 789 1035 ad
809 1004 846 1035 te
866 998 990 1035 literas
1017 997 1144 1049 (spero
1162 1010 1239 1034 non
1258 995 1442 1048 ingratas)
1469 1011 1567 1034 anno
1594 999 1706 1042 1573,

135 1073 225 1111 quas
243 1073 327 1098 eum
347 1062 578 1107 munusculo,
610 1062 697 1099 licet
720 1062 871 1112 exiguo,
900 1061 1096 1099 tradendas
1121 1060 1244 1098 curavi
1263 1061 1409 1098 cuidam
1430 1061 1591 1098 Rieardo
1613 1061 1708 1106 Hill,

135 1130 175 1161 ut
201 1125 279 1175 ejus
311 1138 422 1176 opera
448 1126 493 1163 ad
517 1139 584 1164 vos
608 1126 843 1164 deferrentur.
902 1126 1015 1172 Quod
1042 1125 1072 1163 si
1096 1125 1235 1163 factum
1260 1138 1336 1162 non
1360 1130 1429 1170 est,
1454 1138 1529 1163 non
1555 1126 1706 1163 cessabo

132 1189 307 1239 indagare
326 1190 428 1239 eujus
448 1190 555 1240 culpa
573 1203 616 1227 ea
634 1203 692 1227 res
710 1203 785 1228 non
805 1190 992 1228 suecessit.

213 1254 271 1292 Ex
302 1254 417 1291 literis
449 1254 523 1291 tuis
556 1254 740 1305 intelligo,
770 1260 807 1292 te
838 1268 915 1292 non
941 1254 1034 1292 adeo
1062 1254 1205 1292 defecta
1233 1259 1383 1292 senecta
1411 1254 1586 1299 laborare,
1620 1254 1708 1304 quin

134 1331 266 1355 munus
300 1318 368 1355 tibi
397 1319 576 1356 creditum
609 1319 699 1356 satis
726 1319 923 1356 commode
952 1318 1073 1370 possis
1101 1318 1225 1356 obire:
1264 1319 1301 1356 id
1328 1319 1426 1369 quod
1454 1332 1539 1356 meo
1567 1319 1707 1369 judicio

134 1388 356 1421 consecutus
376 1396 415 1421 es
435 1384 568 1434 partim
586 1397 663 1429 usu,
693 1396 814 1421 rerum
835 1383 1001 1421 omnium
1020 1383 1215 1434 magistro,
1234 1383 1367 1433 partim
1386 1383 1448 1433 pio
1468 1383 1613 1428 affectu,
1633 1397 1708 1435 quo

132 1447 368 1486 vehementer
397 1448 581 1486 excitatus
608 1461 798 1499 nunquam
831 1448 985 1486 cessasti
1013 1448 1196 1498 evangelii
1230 1454 1267 1485 et
1293 1448 1442 1498 pietatis
1471 1448 1626 1498 negotia
1654 1449 1708 1486 in-

131 1518 318 1550 cessanter
336 1525 565 1563 propagarc;
596 1513 760 1550 maxime
779 1526 877 1559 vero,
898 1513 997 1564 quod
1021 1512 1162 1550 Christi
1182 1512 1319 1563 Spiritu
1338 1512 1589 1550 inflammatus
1614 1527 1708 1550 nun-

131 1589 241 1627 quam
275 1577 354 1627 ejus
386 1576 546 1614 motibus
572 1575 730 1614 defuisti.
788 1577 988 1628 Utcunque
1021 1582 1090 1622 est,
1118 1576 1186 1613 tibi
1220 1582 1257 1613 et
1287 1576 1456 1614 eeclesiae
1492 1576 1630 1614 Christi
1661 1592 1707 1615 ex

132 1641 259 1679 animo
279 1642 455 1692 gratulor,
484 1647 570 1692 post
587 1646 644 1678 tot
662 1641 805 1679 labores
824 1641 870 1678 ad
890 1641 1046 1692 gloriam
1073 1641 1145 1679 Dei
1172 1641 1379 1678 exantlatos
1406 1646 1445 1678 te
1467 1641 1514 1678 ad
1534 1647 1707 1691 vegetam

133 1710 363 1743 senectutem
396 1705 550 1743 feliciter
588 1705 812 1755 pervenisse,
843 1718 928 1756 quae
963 1718 1039 1742 non
1073 1711 1193 1742 cessat
1230 1717 1296 1755 pro
1333 1704 1504 1742 omnibus
1542 1705 1707 1743 ecclesiis

132 1782 253 1807 curam
273 1782 409 1820 gerere.
464 1768 589 1819 Atque
609 1768 680 1806 hoc
700 1768 849 1820 quidem
869 1774 1020 1806 constat
1037 1782 1082 1806 ex
1101 1768 1258 1819 scriptis,
1274 1768 1404 1818 quibus
1424 1768 1547 1813 doces,
1563 1781 1706 1815 mones,

132 1833 345 1879 consolaris,
370 1847 446 1872 non
465 1834 583 1871 solum
601 1833 831 1884 Tigurinam,
852 1833 916 1870 sed
936 1833 1049 1870 etiam
1069 1833 1263 1871 ecclesiam
1289 1832 1429 1870 Christi
1447 1846 1532 1871 vere
1552 1833 1706 1872 catholi-

131 1911 224 1936 cam.
282 1898 443 1936 Libellus
462 1904 546 1936 tuus
565 1898 609 1935 de
628 1897 945 1948 persecutionibus
962 1896 1062 1935 hisce
1082 1897 1222 1934 ultimis
1241 1897 1469 1947 temporibus
1492 1911 1650 1948 nequam
1670 1904 1709 1935 ct

132 1962 346 2013 periculosis
372 1962 535 2012 apprime
561 1961 660 1999 utilis
685 1967 742 1999 est
765 1962 811 1999 ad
841 1961 1114 1999 confirmandos
1141 1961 1223 2012 pios
1250 1963 1288 1999 in
1307 1961 1488 2012 patientia
1508 1961 1649 1999 Christi
1669 1968 1707 1999 et

130 2026 320 2077 religionis
339 2026 558 2064 sinceritate.

213 2090 376 2136 Falleris,
415 2091 446 2128 si
483 2096 590 2141 putas
628 2102 687 2127 me
722 2089 946 2128 Germanica
983 2089 1214 2140 intelligere:
1258 2089 1337 2139 jam
1375 2089 1586 2140 quindecim
1626 2091 1706 2141 plus

132 2156 255 2194 minus
292 2155 379 2193 anni
416 2161 514 2200 sunt,
552 2154 651 2205 quod
682 2167 764 2191 eam
801 2154 966 2205 linguam
998 2154 1054 2191 vel
1086 2153 1238 2191 summis
1274 2153 1385 2190 labris
1418 2154 1703 2204 degustaverim.

131 2221 310 2259 Attamen
333 2219 548 2258 Helvetieas
571 2226 652 2256 tuas
681 2218 881 2256 conciones
909 2218 1044 2256 curabo
1075 2218 1229 2256 Latinas
1257 2217 1348 2263 fieri,
1376 2223 1417 2255 ut
1452 2231 1534 2255 eum
1572 2220 1704 2270 majori

132 2285 376 2323 delectatione
403 2289 441 2321 ct
464 2284 583 2320 fructu
610 2283 746 2333 legam.
805 2284 927 2321 Doleo
960 2283 1133 2321 eeclesias
1158 2289 1296 2321 vestras
1320 2282 1528 2320 infelicibus
1558 2290 1705 2322 contro-

132 2349 261 2386 versiis
286 2348 492 2398 exagitari;
531 2353 571 2384 ut
597 2360 682 2384 vere
708 2347 840 2385 dixerit
870 2347 1052 2393 Christus,
1082 2348 1268 2384 Inimicus
1295 2347 1405 2384 homo
1433 2350 1707 2397 superseminat

135 2415 298 2451 zizania.
358 2413 392 2450 O
422 2412 572 2449 tandem
601 2411 795 2449 reddamur
829 2425 959 2449 omncs
996 2412 1091 2450 bona
1127 2412 1246 2449 terra!
1306 2412 1391 2448 Puri
1423 2412 1540 2449 nostri
1577 2413 1705 2449 iratres

134 2478 269 2528 partim
301 2477 417 2514 ferula
445 2481 588 2513 nostrae
623 2475 782 2526 Reginze
808 2476 922 2514 territi
951 2476 1184 2522 delitescunt,
1222 2476 1355 2527 partim
1387 2476 1487 2513 docti
1517 2476 1705 2526 eujusdam

134 2542 257 2579 libello
292 2540 508 2579 doctissimo
541 2539 688 2577 refutati
731 2540 851 2578 silent.
910 2541 1065 2578 Interim
1102 2541 1187 2592 quid
1222 2540 1376 2578 monstri
1412 2547 1555 2578 secreto
1592 2542 1705 2588 alant,

134 2607 307 2645 nescitur.

216 2670 372 2709 Nobiles
403 2669 551 2720 quidam
583 2674 781 2714 nostrates,
817 2669 979 2708 Romani
1012 2669 1201 2720 pontificis
1230 2670 1380 2715 alumni,
1411 2682 1490 2706 suae
1523 2669 1707 2707 felicitatis

138 2735 301 2788 pertaesi,
328 2739 391 2771 aut
416 2739 491 2771 tam
520 2733 734 2771 diuturnum
754 2735 939 2785 evangelii
959 2748 1102 2772 cursum
1122 2748 1197 2772 non
1216 2735 1388 2778 ferentes,
1417 2735 1705 2784 transfugerunt.

136 2801 174 2838 hi
193 2801 230 2838 in
250 2799 422 2843 Galliam,
450 2798 501 2835 illi
520 2798 558 2835 in
580 2798 815 2848 Hispaniam,
844 2799 906 2836 alii
932 2799 1019 2846 alio,
1039 2805 1079 2836 ut
1103 2799 1242 2850 aliquid
1260 2799 1346 2836 mali
1366 2798 1562 2835 moliantur
1580 2806 1707 2837 contra

135 2865 285 2915 pietatis
316 2863 551 2914 professores.
606 2862 738 2900 Tantae
773 2864 882 2901 molis
912 2870 969 2902 est
1001 2864 1196 2902 ecclesiam
1228 2863 1367 2901 Christi
1397 2869 1523 2900 contra
1555 2864 1705 2901 Satanan.

135 2929 323 2967 ministros
342 2934 478 2966 sartam
498 2933 634 2965 tectam
655 2941 809 2967 servare.
865 2929 935 2966 Sed
955 2929 1122 2966 defendit
1141 2942 1209 2966 nos
1229 2927 1405 2965 haetenus
1426 2927 1578 2965 Domini
1598 2929 1708 2968 robur

134 2998 173 3032 et
191 2998 298 3035 turris
317 2993 396 3043 ejus
415 2991 638 3037 fortissima;
669 2998 707 3031 et
726 3006 840 3044 usque
858 2993 903 3031 ad
921 2993 1031 3031 finem
1050 2998 1223 3045 proteget
1238 3005 1323 3031 suos
1344 2992 1539 3039 Dominus,
1554 2993 1706 3044 ringen-
