1845 3233
131 134 207 172 1⁴28
291 143 508 169 EDMUNDFS
545 141 793 166 (JRINDALLUS
827 140 879 165 ⁴io
915 139 1125 165 flmmeum
1160 139 1457 165 RELUNGERUM.
1547 125 1690 181 [nmsr.

122 261 281 300 nescitur
321 259 408 309 quid
446 257 630 294 moliatur.
704 256 797 293 Sunt
831 256 892 306 qui
927 260 1073 305 putant,
1110 255 1210 292 illum
1249 256 1444 293 missurum
1483 256 1618 293 auxilia
1656 257 1690 292 in

128 324 369 375 His-paninum
405 322 467 359 alii
499 321 742 371 suspicantur,
772 319 1010 369 trajecturum
1046 319 1250 357 exercitum
1283 321 1320 357 in
1353 320 1539 364 Scotiam;
1573 334 1692 370 neque

124 392 267 432 desunt,
293 386 355 437 qui
380 386 480 422 illum
511 385 550 422 in
575 398 644 422 nos
662 383 802 434 aliquid
820 383 941 420 moliri
961 383 1186 422 existiment.
1242 385 1323 423 Nos
1342 385 1455 436 igitur
1479 385 1517 421 in
1543 398 1691 422 omnem

124 459 294 490 eventum
323 450 477 487 classem
506 448 646 499 optime
685 448 901 485 instructam
932 447 1148 491 emittimus,
1187 454 1227 485 ut
1263 462 1337 500 quo
1374 462 1518 486 cursum
1557 449 1690 499 ‹ling-ai

125 519 346 554 observetur.

207 580 302 617 Haec
330 579 374 616 de
402 579 510 615 rebus
529 578 664 615 nostris
686 583 723 615 et
744 577 949 615 vicinorum
972 584 1182 616 nostrorum
1206 579 1330 629 paullo
1354 579 1470 616 fusius
1494 578 1628 622 scribo,
1654 584 1693 614 ut

124 645 335 682 diuturnum
365 642 553 680 silentium
580 642 703 692 aliqua
729 655 775 679 ex
795 648 901 692 parte
922 655 1172 693 compensem.
1230 642 1385 680 Domini
1407 642 1693 683 wintoniensis,

127 707 377 751 Norviccnsis‚
398 706 662 744 Dunelmensis
689 711 727 742 et
755 706 1051 752 sarisburiensis,
1071 720 1200 745 omncs
1222 712 1322 745 recte
1347 707 1493 751 valent3
1526 707 1696 744 similiter

126 774 235 810 etiam
267 778 303 808 et
339 770 579 815 Humfredus,
609 771 837 820 Sampsonus
868 777 905 808 et
936 771 1072 809 Foxus.
1129 771 1336 822 Sampsono
1367 778 1404 809 et
1435 771 1540 808 Foxo
1570 771 1696 808 literas

126 844 208 874 tuas
235 836 423 886 superiore
445 835 503 872 die
529 835 816 879 communicavi,
842 835 903 885 qui
925 841 962 872 te
984 835 1149 873 officiose
1174 835 1385 873 resalutant.
1442 835 1624 873 Salutabis
1651 848 1694 871 cx

126 916 185 939 me
220 901 420 951 collegium
451 905 623 937 vestrum.
680 898 758 936 Oro
788 905 829 936 ut
858 912 919 936 me
955 912 1152 949 meumque
1180 899 1424 937 ministerium
1458 900 1495 936 in
1529 898 1696 950 precibus

129 967 256 1004 vestris
281 965 445 1003 Domino
464 963 744 1001 commendetis.
802 963 940 1001 Precor
958 963 1109 1000 Patrem
1127 969 1294 1001 nostrum
1311 965 1515 1007 coelestem,
1534 969 1575 1000 ut
1593 962 1696 999 vobis

126 1030 312 1075 omnibus,
341 1028 598 1078 laboribusque
624 1028 767 1072 vestris,
792 1041 885 1078 quos
908 1027 1075 1077 quotidie
1105 1027 1306 1071 sustinetis,
1336 1041 1445 1078 quam
1471 1027 1697 1078 amplissime

124 1094 330 1132 benedicat.
386 1093 571 1130 Dominus
599 1092 709 1129 Jesus
737 1091 914 1142 pietatem
942 1097 1043 1129 tuam
1067 1091 1176 1129 nobis
1202 1097 1240 1129 et
1261 1092 1430 1130 ecclesiae
1453 1105 1533 1130 suae
1560 1092 1621 1129 diu
1645 1091 1697 1127 in-

125 1159 306 1196 columem
334 1157 548 1194 conservet!

206 1221 379 1265 Londini,
412 1223 456 1258 ll
488 1220 689 1264 Februarii,
719 1222 831 1259 1569.

861 1296 1124 1335 Deditissimus
1151 1298 1219 1335 tibi
1248 1298 1285 1335 in
1316 1298 1491 1341 Domino,

1196 1378 1326 1417 EDM.
1358 1376 1598 1417 LONDON.

496 1445 758 1472 INSCRIPTIO.

236 1501 400 1537 Domino
430 1500 598 1536 Hem-ico
625 1500 848 1547 Bulliugero
883 1501 977 1537 seui-

286 1566 356 1606 ori,
385 1563 542 1600 ecclesiae
572 1564 771 1612 Tigurinae
798 1564 975 1600 ministro

275 1628 517 1676 fidelissimo,
544 1631 579 1663 et
595 1628 727 1679 fratri
759 1628 800 1664 in
830 1629 978 1664 Christo

292 1694 501 1729 carissimo.

551 1756 585 1791 T
587 1756 698 1803 igurz'.

590 2004 887 2046 EPISTOLA
923 2005 1246 2048 LXXXVIII.

319 2167 558 2199 RICARDUS
590 2170 744 2201 COXUS
773 2170 840 2201 AD
870 2172 1127 2203 HENRICUM
1159 2172 1528 2203 BULLINGERUM.

215 2247 431 2283 Rffimmo
458 2253 495 2284 tc
528 2262 573 2284 ex
602 2249 740 2294 animo,
768 2249 880 2288 frater
908 2251 946 2288 in
978 2251 1130 2289 Christo
1156 2252 1407 2290 dilectissime.
1464 2252 1601 2290 Literae
1629 2258 1706 2290 tuas

137 2314 233 2349 ‹121th
263 2311 425 2348 secundo
460 2312 602 2355 Martii,
629 2313 691 2363 qui
722 2315 891 2364 proxime
921 2315 1113 2365 proeteriit,
1143 2329 1218 2354 non
1247 2317 1347 2367 prius
1376 2316 1424 2354 ad
1455 2330 1588 2354 manus
1619 2330 1706 2354 nos-

137 2383 209 2415 tras
238 2382 427 2420 venerunt,
452 2390 563 2426 quam
589 2378 798 2416 advenisset
825 2381 874 2414 :212
905 2379 1045 2416 mensis
1067 2380 1193 2417 Junii:
1232 2381 1269 2418 id
1296 2382 1397 2432 quod
1423 2381 1589 2419 accidere
1617 2382 1709 2418 solet

138 2440 193 2477 vel
236 2446 340 2478 tanto
377 2441 544 2478 locorum
580 2441 773 2480 intervallo
809 2443 865 2480 vel
901 2444 1173 2482 tabellariorum
1210 2446 1456 2496 negligentia.
1523 2445 1708 2497 Acceptas

136 2505 284 2541 tandem
309 2505 472 2542 studiose
498 2511 535 2542 et
559 2519 642 2543 cum
668 2507 803 2557 gaudio
834 2508 989 2558 perlegi,
1015 2510 1113 2559 quod
1134 2509 1229 2546 mihi
1254 2510 1514 2560 significarunt
1542 2517 1580 2547 te
1607 2523 1708 2548 com·

138 2569 247 2605 moda
264 2569 331 2605 frui
352 2570 575 2615 valetudine,
594 2571 682 2608 licet
701 2585 839 2617 senem,
862 2578 899 2609 et
925 2573 1052 2610 multis
1076 2574 1260 2612 laboribus
1279 2574 1538 2625 defatigatum,
1559 2575 1709 2625 aegritu-

136 2633 355 2682 dinibusque
387 2633 631 2673 debilitatum.
688 2635 820 2674 Libros
848 2642 933 2674 tuos
961 2643 999 2674 et
1032 2638 1068 2675 in
1102 2639 1295 2677 Danielem
1328 2645 1366 2677 et
1397 2640 1435 2677 in
1471 2639 1620 2677 Esaiam
1652 2639 1710 2692 (in

139 2695 270 2746 quibus
303 2696 455 2733 subinde
486 2711 562 2735 non
588 2699 667 2737 sine
695 2700 757 2750 pia
785 2701 1034 2739 delectatione
1061 2701 1201 2753 versor)
1233 2703 1362 2741 libenti
1388 2703 1514 2741 animo
1541 2704 1708 2755 suscepi:

138 2772 205 2809 pro
236 2759 368 2810 quibus
392 2761 458 2797 tibi
490 2775 667 2813 magnam
696 2763 816 2801 habeo
848 2765 1020 2815 gratiam,
1048 2780 1117 2804 nec
1142 2767 1266 2804 minus
1299 2780 1428 2805 omnes
1455 2767 1607 2818 pietatis
1635 2774 1710 2804 stu-

140 2823 234 2862 diosi
264 2836 331 2874 pro
365 2824 445 2862 istis
464 2826 565 2876 ipsis
598 2828 665 2865 tibi
694 2829 890 2879 plurimum
922 2829 1053 2867 debere
1084 2837 1307 2882 agnoscunt.
1363 2831 1604 2869 Germanicas
1630 2837 1712 2868 tuas

140 2887 351 2932 conciones,
386 2902 470 2926 cum
503 2891 549 2927 ad
577 2904 708 2929 manus
733 2906 836 2931 meas
864 2895 1111 2944 pervenerint,
1147 2895 1205 2932 vel
1234 2908 1325 2933 meo¹
1351 2895 1407 2932 vel
1439 2895 1561 2933 alieno
1590 2895 1714 2933 Marte·

141 2951 347 3001 intelligere
377 2953 549 2992 conabor.
604 2955 690 2993 Jam
708 2970 809 3002 vero,
834 2958 885 2995 mi
914 2958 1089 3002 Henrice,
1112 2971 1193 2996 cum
1221 2958 1401 2997 hactenus
1425 2972 1492 3010 per
1514 2965 1574 2998 tot
1596 2971 1713 2998 annos
