1845 3233
147 121 230 161 142
744 127 937 154 chRDrs
969 127 1104 154 muns
1576 109 1717 166 [EPIST.

143 247 267 284 literas
304 245 415 282 etiam
452 257 495 281 ac
531 256 661 281 onmes
694 243 874 293 praefatos
910 242 1022 280 libros
1063 247 1207 293 septem
1243 242 1454 292 impressos,
1493 241 1622 292 quibus
1656 253 1720 291 per

142 312 266 350 literas
292 315 374 346 tuas
402 308 479 346 dari
504 307 690 358 cupiebas,
719 306 822 344 reddi
848 307 982 344 curabo
1012 319 1123 356 quam
1150 306 1226 343 cito
1255 306 1408 357 possim.

232 375 424 419 Quantum
461 377 586 408 autem
624 371 671 408 ad
706 384 883 421 pannum,
921 383 1032 421 quem
1069 376 1206 408 vocant
1244 383 1401 416 car-esar,
1439 369 1586 415 attinet,
1631 370 1721 407 duas

145 440 269 489 virgas
288 436 520 487 Anglicanas
541 441 578 472 et
603 435 627 485 {4³-
646 435 825 472 tenuioris
848 434 1005 484 generis,
1026 448 1101 485 quo
1120 440 1304 472 nostrates
1328 440 1370 472 ut
1394 435 1593 485 plurimum
1612 439 1721 470 utun-

145 510 204 540 tur
225 500 457 540 solummodo
484 499 523 536 in
552 498 806 549 subcaligariis
834 498 924 543 suis,
953 498 1040 544 sive,
1068 503 1109 535 ut
1133 504 1312 536 vestrates
1342 497 1472 550 (puto)
1502 499 1720 549 loquuntur,

146 568 186 605 in
208 568 279 604 irer
302 565 428 602 nieder
448 564 579 610 hosen,
603 563 664 601 hic
688 562 823 601 tradidi
852 563 891 600 in
917 575 1043 600 mense
1071 562 1187 600 Junio
1214 562 1384 613 proxime
1411 563 1537 614 elapso
1566 562 1720 600 domino

147 630 416 681 Christophoro
446 628 599 666 Montio
630 641 696 678 pro
728 634 792 665 tua
819 627 1072 673 humanitate3
1113 633 1151 665 et
1178 627 1218 665 in
1247 627 1433 665 mandatis
1466 627 1551 664 dedi
1581 626 1721 664 famulo

147 696 293 733 cuidam
320 708 418 739 meo,
454 693 513 731 cui
545 699 602 730 est
633 705 771 730 nomen
804 692 935 730 Simon
970 692 1107 738 Tailor,
1142 697 1183 729 ut
1210 705 1278 742 pro
1308 691 1381 729 illis
1415 691 1555 729 duabus
1590 690 1719 741 virgiS,

147 775 230 800 cum
248 760 273 811 Ξ
299 758 536 798 Francofordi
561 758 601 795 in
629 757 902 795 autumnalibus
927 756 1104 794 nundinis
1130 756 1301 807 proxime
1327 755 1470 802 futuris,
1497 755 1590 793 duos
1618 768 1723 793 coro-

146 832 255 865 natos
284 823 449 862 Gallicos
481 828 519 859 et
551 824 573 858 7
606 820 761 867 batzios,
792 821 968 859 videlicet
999 827 1075 859 tres
1107 820 1270 858 florenos
1302 826 1340 857 et
1371 820 1514 858 batzios
1545 819 1673 857 decem
1702 833 1725 856 a

146 890 327 943 praedicto
353 887 505 940 domino
535 882 789 924 Froschovero
819 890 963 937 peteret
990 890 1029 922 et
1054 884 1255 936 reciperet:
1296 884 1383 935 quia
1407 889 1460 930 tu,
1489 884 1651 929 domine,
1682 883 1723 920 in

146 954 325 1009 proximis
361 952 439 990 sive
474 950 687 989 novissimis
730 949 805 987 tuis
841 950 957 988 literis
992 949 1142 987 volebas
1179 962 1239 986 me
1275 948 1438 986 indicare
1474 948 1644 999 pretium,
1682 952 1725 985 ut

148 1017 380 1060 Francoforti
397 1015 624 1068 persolveret
649 1014 829 1066 praefatus
848 1027 914 1064 pro
937 1019 976 1051 te
1001 1012 1284 1052 FroschoveruS.
1342 1013 1440 1051 Dedi
1459 1013 1522 1052 hic
1541 1011 1724 1064 praedicto

146 1084 296 1123 domino
331 1079 601 1131 Christophoro
634 1079 784 1117 Montio
812 1079 957 1130 virgam
986 1091 1099 1116 unam
1131 1077 1382 1128 Anglicanam
1414 1083 1452 1116 et
1482 1078 1507 1129 Ξ
1540 1077 1725 1115 crassioris

148 1148 306 1202 generiS,
336 1147 426 1197 (quo
456 1150 643 1183 nostrates
668 1157 778 1195 quam
804 1143 1004 1195 plurimum
1033 1144 1072 1181 in
1101 1144 1177 1181 suis
1200 1143 1449 1194 superioribus
1473 1142 1723 1187 femoralibus,

147 1216 237 1260 sive,
269 1218 311 1250 ut
340 1210 518 1249 Germani
545 1208 668 1261 (puto)
695 1210 817 1247 solent
846 1209 979 1254 dicere,
1011 1208 1057 1247 In
1091 1209 1149 1246 die
1176 1207 1318 1246 brouch
1344 1207 1434 1245 oder
1460 1206 1722 1257 niedergwand

147 1279 210 1317 des
244 1276 465 1315 menschens
496 1273 636 1326 hosen)
670 1288 779 1325 quam
807 1274 962 1325 virgam,
994 1287 1078 1311 cum
1111 1273 1228 1312 tribus
1261 1273 1400 1324 quartis
1434 1271 1623 1309 crassioris
1660 1271 1724 1308 sed

147 1341 378 1381 durabilioris
408 1353 573 1386 caresex,
600 1339 699 1376 dono
723 1339 770 1376 do
795 1344 873 1376 tuae
899 1338 1135 1383 humanitati,
1164 1351 1364 1390 precorque
1387 1338 1512 1376 Deum
1540 1336 1723 1388 optimum

146 1408 351 1447 maximum
380 1412 423 1443 ut
451 1419 561 1457 quam
589 1404 795 1442 diutissime
821 1403 962 1449 fruaris,
993 1403 1160 1454 quamvis
1188 1403 1285 1441 haud
1315 1403 1365 1440 sit
1390 1403 1495 1440 valde
1524 1402 1723 1440 verisimile

148 1479 189 1511 ut
209 1472 282 1510 hoc
307 1471 432 1509 facias.
480 1469 682 1509 Verissime
708 1469 807 1506 enim
833 1468 887 1506 ait
907 1468 1176 1518 Hieronymus,
1196 1466 1459 1519 philosophum
1478 1467 1555 1505 sive
1573 1474 1724 1518 poetam

149 1538 288 1576 citans:
318 1535 509 1574 “Juvenis
533 1534 607 1572 cito
631 1533 726 1571 mori
751 1538 891 1583 potest,
918 1545 1031 1570 senex
1056 1539 1181 1569 autem
1208 1532 1270 1568 diu
1296 1532 1418 1569 vivere
1442 1545 1519 1569 non
1545 1530 1705 1582 potest.’'

225 1600 472 1639 Proculdubio
499 1599 603 1637 labor
629 1599 691 1635 ille
717 1604 812 1643 tuus,
840 1597 885 1634 de
907 1610 981 1647 quo
1005 1596 1239 1634 mentionem
1268 1595 1372 1641 facis,
1397 1596 1436 1633 in
1465 1595 1725 1646 respondendo

147 1666 194 1705 ad
211 1671 329 1703 totam
348 1665 450 1702 illam
468 1664 688 1714 papisticam
713 1662 851 1699 bullam
878 1662 1143 1712 impudentem,
1164 1674 1275 1712 quam
1302 1660 1466 1698 evomuit
1487 1661 1725 1699 antichristus

147 1732 340 1770 Romanus
383 1734 512 1766 contra
557 1726 828 1766 serenissimam
875 1731 1040 1763 nostram
1078 1725 1277 1776 Reginam,
1314 1725 1476 1763 maxime
1512 1726 1726 1775 probabitur

145 1796 262 1833 tribus
286 1793 477 1845 praedictis
502 1792 697 1843 episcopis,
724 1791 855 1842 quibus
883 1790 946 1827 illa
969 1790 1041 1827 tria
1066 1790 1292 1840 exemplaria
1316 1796 1380 1827 tua
1405 1790 1558 1834 misisti3
1587 1795 1625 1827 et
1646 1789 1723 1827 vul-

148 1861 291 1910 gabunt
310 1859 371 1896 illa
395 1857 521 1902 etiam,
549 1855 731 1907 siquidem
756 1855 828 1893 illis
851 1855 1034 1893 videbitur
1057 1868 1077 1892 e
1103 1868 1143 1893 re
1162 1855 1239 1892 fore
1263 1855 1370 1905 regni
1395 1860 1433 1892 et
1462 1867 1507 1892 ex
1531 1854 1724 1891 voluntate

146 1923 394 1962 serenissimae
421 1921 583 1972 Reginae
610 1926 761 1958 nostrae.
819 1920 942 1958 Doleo
967 1925 1079 1964 certe,
1105 1919 1205 1970 quod
1229 1920 1281 1956 ita
1304 1919 1518 1970 suppliciter
1542 1932 1602 1956 me
1629 1932 1723 1964 oras,

146 1994 188 2026 ut
212 1995 314 2026 tuam
339 1986 579 2037 scriptionem
601 1985 649 2022 ad
675 1998 736 2022 me
758 1997 855 2022 nunc
878 1984 968 2022 boni
994 1984 1198 2030 consulam,
1225 1998 1269 2022 ac
1287 1984 1357 2021 tibi
1376 1984 1599 2029 condonem,
1626 1982 1725 2034 quod

147 2066 230 2090 mea
263 2065 375 2103 opera
407 2051 460 2088 sic
492 2050 606 2087 utaris
634 2049 888 2093 familiariter;
928 2049 1067 2100 poteris
1102 2048 1202 2086 enim
1233 2061 1380 2099 semper
1409 2061 1493 2086 mea
1526 2048 1580 2086 uti
1613 2061 1725 2099 opera

148 2131 259 2169 quam
286 2115 584 2160 familiarissime,
613 2114 789 2165 quamdiu
814 2113 955 2151 vixero.

228 2181 301 2220 Per
323 2180 396 2218 Dei
422 2179 581 2230 gratiam
606 2179 678 2216 fuit
704 2178 777 2223 hic,
804 2183 1003 2229 antequam
1029 2177 1241 2216 absolutum
1267 2178 1343 2216 sive
1368 2178 1515 2216 finitum
1541 2184 1620 2216 erat
1644 2191 1725 2229 par-

149 2248 365 2285 liamentum
384 2243 721 2282 Westmonasterio
740 2249 897 2289 tentum,
919 2242 1107 2281 Henricus
1128 2243 1423 2294 praenominatus
1444 2243 1617 2281 Butlerus
1640 2255 1724 2280 cum

150 2311 303 2350 domino
329 2322 397 2347 suo
428 2308 666 2353 Parkhursto,
694 2307 966 2346 Nordovicensi
993 2307 1183 2358 episcopo,
1215 2307 1326 2345 anxie
1354 2313 1572 2358 exspectans
1602 2308 1726 2347 literas

149 2390 172 2414 a
189 2381 308 2413 matre
327 2388 405 2419 sua,
429 2374 516 2424 quia
540 2373 659 2411 adhuc
684 2373 730 2410 ab
757 2386 813 2417 ea,
832 2378 1030 2422 postquam
1053 2372 1232 2421 Angliam
1252 2372 1406 2423 appulit,
1426 2372 1546 2410 nullas
1570 2374 1725 2424 accepit,

150 2440 258 2478 sicuti
288 2445 369 2476 tum
404 2438 496 2475 mihi
531 2438 610 2488 ipse
642 2436 778 2475 retulit.
835 2436 1021 2474 Dominus
1056 2441 1183 2473 tamen
1215 2437 1348 2474 doctor
1380 2435 1548 2474 Montius
1580 2436 1641 2475 hic
1673 2438 1726 2475 illi

150 2506 189 2542 in
216 2504 308 2541 meis
338 2503 480 2540 aedibus
511 2502 652 2547 retulit,
682 2501 793 2539 fuisse
817 2506 967 2552 propter
994 2513 1077 2538 eum
1103 2500 1330 2551 Argentinae
1357 2501 1395 2538 in
1422 2501 1537 2551 ipsius
1564 2501 1726 2540 doctoris

153 2569 264 2606 domo
296 2568 514 2605 sarcinulam
546 2567 734 2604 literarum
766 2565 945 2611 relictam,
979 2565 1018 2602 in
1055 2578 1129 2615 qua
1165 2565 1322 2615 putabat
1353 2565 1467 2603 fuisse
1502 2565 1642 2617 aliquas
1675 2566 1726 2603 illi

154 2633 322 2670 Henrico
348 2632 556 2682 inscriptas.

233 2697 278 2734 In
319 2710 446 2734 mense
482 2696 596 2733 ι1111110
634 2708 748 2746 prope
793 2694 986 2745 praeterito
1022 2693 1260 2731 doctissimus
1306 2693 1514 2745 theologus,
1553 2694 1726 2732 dominus

155 2761 278 2800 David
309 2760 518 2807 W'itheade,
545 2760 623 2810 (qui
655 2765 822 2810 tempore
854 2759 962 2809 regni
992 2758 1155 2808 Reginae
1185 2758 1320 2795 Mariae
1347 2764 1497 2809 propter
1528 2758 1726 2808 professio-

154 2839 239 2863 nem
283 2825 503 2862 orthodoxae
548 2824 726 2861 doctrinae
769 2821 975 2874 exulabat,)
1013 2822 1168 2859 feliciter
1209 2822 1256 2859 ad
1298 2822 1500 2859 Dominum
1538 2822 1724 2872 migravit.

155 2890 298 2928 Viduus
322 2889 415 2926 vixit
445 2888 556 2926 etiam
586 2901 652 2940 per
684 2887 918 2939 septennium
949 2887 1032 2937 plus
1059 2887 1196 2932 minus,
1227 2886 1337 2924 sicuti
1369 2887 1526 2938 ipsemet
1554 2900 1652 2924 nunc
1682 2887 1727 2924 de

156 2960 220 2993 tua
249 2953 462 2992 conditione
492 2952 681 3005 scripsisti.
737 2951 839 2991 Ante
867 2951 1031 2990 medium
1058 2956 1185 2989 tamen
1214 2963 1352 2989 annum
1381 2950 1591 3001 nuperrime
1620 2950 1727 3000 juve-
