1845 3233
136 128 254 190 own]
427 145 622 175 monzons
652 147 776 175 coxus
809 147 864 173 An
897 146 1143 174 RODOLPHUM
1174 143 1434 173 GUALTERUM.
1642 132 1725 174 163

138 261 213 298 Sed
230 274 275 298 ea
291 266 331 298 te
350 261 549 300 illustravit
567 261 681 300 divini
701 262 859 313 Spiritus
880 262 1013 312 gratia,
1034 275 1151 313 caque
1174 260 1336 312 perfudit
1353 259 1522 304 caritate,
1538 264 1579 296 ut
1598 259 1724 296 omnia

137 338 274 375 speres,
296 331 334 362 et
352 327 478 364 omnia
498 327 638 372 credas,
660 331 698 364 ct
717 326 844 363 omnia
863 325 902 363 in
922 326 1103 378 optimam
1122 325 1374 377 interpreteris
1396 329 1552 375 partem.
1591 323 1724 361 Poste-

137 389 253 427 riores
279 403 367 428 vero
394 391 568 428 affectum
594 404 677 429 vere
696 390 898 428 fraternum
921 403 1012 440 erga
1034 396 1201 428 nostram
1223 389 1420 428 eeclesiam
1438 394 1477 426 et
1497 401 1589 438 erga
1606 400 1667 425 me
1686 393 1725 424 et

137 454 279 504 aliquot
296 454 427 492 fratres
445 468 551 493 meos
570 455 768 506 episcopos
792 455 1012 505 planissime
1032 455 1254 501 indicarunt,
1275 454 1373 506 quod
1391 453 1566 491 videlicet
1584 464 1630 490 eo
1652 464 1724 488 nos

136 518 277 556 honore
291 519 436 557 afficere
448 519 562 557 fueris
574 520 762 569 dignatus,
775 525 817 556 ut
829 519 1068 569 epistolarum
1083 519 1225 557 illarum
1239 520 1314 557 (livi
1330 519 1436 557 Pauli
1447 518 1491 556 ad
1503 514 1724 554 Corinthios

137 583 412 622 enarrationem
432 584 542 621 nobis
560 584 761 621 dedicares.
820 584 920 628 Quae
941 583 1091 633 quidem
1111 584 1296 622 enarratio
1315 584 1410 621 adeo
1435 584 1557 626 docta,
1581 580 1657 631 pia,
1686 585 1724 615 et

135 647 299 686 dilucida
333 653 402 693 est,
438 653 480 685 ut
508 653 650 693 nostra,
675 661 762 699 quae
787 648 945 685 minima
971 653 1040 693 est,
1070 648 1291 686 auctoritate
1319 661 1396 686 non
1428 652 1550 698 egeat.
1608 642 1722 689 Quod

133 717 259 750 autem
270 712 564 750 admonitionem
578 712 624 749 ad
635 711 835 749 fraternam
852 713 1035 750 unitatem
1049 713 1292 759 subtexueris,
1307 712 1503 750 manifeste
1515 709 1721 761 significas,

135 782 173 814 te
199 782 342 815 nostrae
370 777 542 815 ecclesiae
564 790 653 814 cura.
677 777 843 814 maxima
860 776 979 826 tangi,
1007 782 1210 827 optareque
1230 783 1271 814 ut
1290 777 1458 814 Domino
1483 776 1568 814 Deo
1593 779 1722 811 nostro

135 841 339 879 serviamus
367 841 447 879 sine
480 841 754 892 impedimento
785 847 823 878 et
850 841 1057 879 animorum
1094 841 1350 879 distractione.
1407 841 1492 879 Hac
1524 839 1624 877 enim
1660 837 1722 875 via

137 906 257 955 gloria
278 906 350 943 Dei
370 912 409 943 et
427 906 664 956 evangelium
691 906 847 943 Domini
866 906 987 943 nostri
1005 906 1028 943 J
1032 919 1097 943 esu
1117 905 1259 943 Christi
1277 905 1492 943 felicissime
1510 915 1719 955 propagan-

135 971 223 1008 dum
244 976 322 1008 est:
363 983 577 1021 quanquam
603 970 753 1008 interim
778 976 950 1021 oporteat
974 970 1140 1008 haereses
1173 984 1267 1015 esse,
1291 976 1332 1007 ut
1365 970 1570 1020 probentur
1596 965 1719 1004 electi.

135 1035 269 1072 Multis
304 1034 476 1084 equidem
501 1034 816 1085 persuasionibus,
844 1035 1112 1073 efficacissimis
1136 1035 1286 1085 quidem
1313 1034 1401 1079 illis,
1428 1034 1467 1071 in
1494 1031 1719 1084 praefatione

136 1099 276 1137 uteris:
315 1112 445 1137 verum
464 1099 595 1150 quanti
614 1099 790 1150 ponderis
808 1100 907 1149 apud
926 1105 1075 1137 nostros
1093 1105 1291 1137 novatores
1313 1098 1500 1136 habiturae
1520 1097 1609 1142 sint,
1634 1108 1718 1146 pro-

132 1164 305 1201 nuntiare
330 1176 407 1201 non
425 1164 558 1201 audeo.
616 1163 773 1201 Interim
795 1169 923 1201 tamen
949 1164 1038 1201 nolo
1065 1163 1244 1210 diffidere,
1267 1163 1356 1214 quin
1383 1163 1535 1200 verbum
1563 1160 1719 1199 Domini

132 1241 201 1266 suo
228 1234 398 1278 tempore
426 1227 586 1265 fructum
615 1241 721 1265 suum
750 1228 947 1266 allaturum
975 1229 1034 1265 sit.

214 1293 379 1343 Magnas
395 1306 469 1343 ago
488 1293 555 1330 tibi
574 1293 713 1343 gratias
732 1293 780 1331 ob
799 1293 956 1330 missum
977 1293 1024 1330 ad
1041 1306 1102 1330 me
1121 1293 1267 1330 librum.
1318 1292 1433 1337 Quod
1448 1292 1478 1329 si
1496 1289 1719 1328 humanitati

132 1363 212 1395 tuae
237 1357 349 1407 plene
373 1356 599 1408 respondere
623 1370 701 1394 non
725 1363 895 1408 potuero,
921 1357 1071 1394 interim
1098 1363 1225 1394 tamen
1251 1356 1408 1408 optimae
1433 1355 1513 1406 spei
1538 1355 1615 1392 filio
1639 1360 1719 1399 tuo,

133 1421 311 1473 quamdiu
329 1421 428 1471 apud
446 1433 517 1458 nos
534 1421 751 1467 versabitur,
767 1422 977 1472 prospicere
996 1427 1110 1472 atque
1129 1422 1322 1460 consulere
1340 1434 1417 1458 non
1436 1419 1625 1457 desistam.
1668 1418 1720 1456 Et

132 1486 232 1536 quod
252 1485 298 1522 ad
317 1485 424 1522 illum
441 1485 589 1529 attinet,
607 1485 783 1535 jubemus
800 1491 839 1523 te
858 1486 897 1523 in
916 1492 1110 1536 utramque
1132 1486 1293 1524 dormire
1312 1497 1438 1522 aurem
1454 1499 1462 1529 ;
1510 1482 1719 1533 ingratissi-

130 1562 214 1587 mos
239 1549 340 1586 enim
366 1549 502 1586 merito
526 1563 594 1587 nos
608 1551 775 1599 judicare
800 1550 934 1601 possis,
962 1551 992 1587 si
1017 1563 1093 1587 non
1124 1550 1308 1587 tantillam
1334 1549 1402 1586 tibi
1435 1548 1595 1598 gratiam
1619 1560 1717 1597 prae—

131 1615 347 1652 stiterimus.
421 1612 519 1650 Cum
555 1619 680 1651 autem
718 1614 980 1664 praefationem
1023 1619 1128 1651 tuam
1171 1615 1282 1664 plene
1319 1612 1576 1663 percurissem,
1615 1609 1717 1648 dolui

129 1678 373 1716 vehementer
408 1691 492 1715 eam
529 1677 650 1715 adhuc
687 1678 825 1715 editam
861 1678 988 1723 fuisse,
1030 1684 1231 1728 antequam
1266 1682 1481 1714 nostrorum
1522 1675 1716 1712 hominum

129 1743 316 1780 vanitates
340 1742 450 1792 plene
480 1743 743 1780 intellexisses.
800 1741 931 1793 Nuper
957 1742 1057 1779 enim
1080 1742 1197 1779 totius
1224 1741 1396 1779 ecclesiae
1416 1745 1559 1777 nostrae
1579 1738 1719 1776 ordinis

131 1807 278 1857 scriptis
294 1807 576 1844 contumeliosis
593 1807 772 1858 repagula
790 1812 980 1857 ruperunt.
1038 1806 1094 1843 Ut
1113 1811 1238 1843 autem
1258 1806 1347 1856 quid
1365 1805 1567 1842 moliantur
1582 1802 1715 1854 partim

129 1870 333 1920 intelligas,
349 1871 459 1908 mitto
477 1870 524 1908 ad
549 1877 588 1908 te
607 1871 781 1921 quaedam
802 1871 924 1922 capita
950 1884 1015 1908 seu
1042 1870 1229 1915 articulos,
1257 1884 1351 1920 quos
1376 1870 1478 1920 typis
1504 1868 1718 1919 promulga—

129 1940 228 1978 runt,
256 1947 423 1985 quosque
449 1934 704 1971 defendendos
732 1940 985 1984 susceperunt.
1043 1934 1223 1984 Optarem
1250 1940 1288 1971 te
1312 1947 1396 1972 cum
1421 1934 1533 1970 fratre
1561 1945 1648 1968 meo
1678 1931 1717 1968 in

132 1998 285 2036 Christo
305 1998 511 2042 carissimo,
533 1998 580 2035 D.
596 1998 827 2048 Bullingero,
848 1998 894 2034 de
913 1997 971 2034 his
991 1997 1172 2048 dispicere
1192 2003 1229 2034 et
1248 1998 1465 2047 dijudicare,
1482 2001 1718 2045 vestramque

131 2062 357 2099 sententiam
378 2062 424 2099 de
442 2061 501 2098 his
520 2062 626 2106 ferre,
649 2061 679 2098 si
698 2061 804 2098 vobis
823 2061 1026 2097 molestum
1043 2060 1155 2098 nimis
1170 2074 1247 2098 non
1266 2061 1388 2098 fuerit.

208 2124 370 2163 Articuli
395 2125 625 2176 quorundam
645 2124 858 2174 Anglorum
886 2130 1025 2161 statum
1053 2125 1225 2162 ecclesiae
1245 2124 1424 2174 Anglicce
1444 2123 1556 2161 hodie
1574 2128 1717 2175 pertur-

127 2191 297 2229 bantium
314 2203 320 2226 :

210 2255 241 2292 Ι.
296 2254 676 2304 Archicpiscoporum
720 2259 757 2290 ct
802 2254 1063 2305 cpiscoporum
1105 2258 1214 2304 atque
1255 2253 1411 2291 aliorum
1453 2252 1715 2290 officiariorum

129 2319 284 2356 nomina
312 2324 350 2356 et
378 2319 502 2355 officia
529 2318 680 2368 penitus
707 2318 881 2355 tollenda.

208 2383 262 2420 ΙΙ.
321 2383 469 2420 Electio
488 2382 745 2419 ministrorum
765 2382 866 2419 verbi
886 2388 924 2419 et
944 2387 1261 2420 sacramentorum
1277 2381 1322 2418 ad
1341 2381 1486 2431 plebem
1505 2381 1715 2419 revocanda

130 2454 200 2493 cst,
221 2448 357 2498 quippe
377 2460 464 2497 quae
484 2447 530 2483 ad
550 2446 749 2497 episcopos
767 2459 843 2483 non
862 2446 1060 2496 pertineat.

209 2511 285 2548 Ill.
344 2510 582 2560 Praescriptis
610 2510 780 2560 precibus
809 2523 921 2547 nemo
949 2510 1159 2559 alligandus
1189 2515 1258 2547 cst.

211 2575 277 2613 IV.
335 2576 488 2613 Nullum
509 2579 786 2611 sacramentum
804 2574 1056 2612 administrari
1076 2575 1200 2621 debet,
1227 2574 1297 2612 nisi
1324 2575 1554 2625 praecesserit
1579 2575 1714 2613 concio

129 2653 235 2677 sacra
255 2640 509 2690 pronuntiata,
528 2651 604 2675 non
623 2638 731 2676 lecta.

207 2703 253 2741 V.
311 2703 421 2740 Solus
456 2708 562 2753 pater
598 2701 714 2739 filium
744 2715 851 2739 suum
885 2702 924 2739 in
952 2703 1141 2753 baptismo
1171 2703 1359 2754 suscipere
1384 2703 1508 2749 debet,
1540 2716 1616 2741 non
1650 2704 1712 2741 alii

126 2773 375 2819 susceptores.

206 2831 274 2869 VI.
333 2831 478 2869 Omnes
503 2831 675 2869 ecclesiae
702 2830 865 2868 ministri
889 2831 1055 2881 aequales
1079 2845 1162 2869 esse
1189 2832 1341 2878 debent,
1369 2846 1447 2871 non
1475 2832 1568 2870 alter
1594 2832 1712 2870 altero

127 2896 306 2946 superior.

204 2959 294 2998 VII.
350 2960 544 2998 Damnant
581 2959 749 2998 ordinem
788 2960 1097 3007 confirmationis,
1128 2973 1203 3012 quo
1239 2961 1406 3012 episcopi
1443 2960 1709 2999 catechismum

1454 3023 1603 3062 *ll—2
