1845 3233
186 132 239 173 66
347 142 549 170 JOHANNES
583 141 866 169 PARKHURSTUS
897 140 950 165 AD
981 139 1190 165 HENRICUM
1225 139 1521 165 BULLINGERUM.
1587 123 1728 180 [EPIST.

184 273 327 299 mecum
349 259 521 303 detinere,
547 271 655 308 quam
677 257 817 307 aliquot
838 255 927 292 dies.
983 254 1134 305 Loquor
1153 267 1237 292 cum
1266 267 1310 292 eo
1338 254 1484 300 Latine,
1508 253 1667 304 Anglice
1692 261 1730 292 et

185 325 299 376 (quod
321 330 359 360 tu
384 322 540 371 mireris)
571 321 808 358 Germanice:
841 319 992 356 miratur
1015 323 1052 354 et
1079 318 1152 363 ille,
1182 331 1241 355 me
1270 325 1348 355 tam
1378 319 1468 356 bene
1500 331 1609 369 posse
1636 318 1728 355 Ger-

183 388 375 425 manizare.

259 450 412 498 Vertigo
444 448 572 498 capitis
604 447 721 485 adhuc
751 460 809 484 me
841 459 918 484 non
947 445 1106 495 reliquit,
1136 445 1198 482 sed
1233 445 1358 483 mitius
1387 445 1612 497 aliquantulo
1648 456 1730 481 sese

180 514 300 551 habet.
366 512 498 549 Cetera
523 525 567 548 ex
597 512 782 549 Gualtero.
850 510 988 560 Scripsi
1015 510 1110 547 circa
1137 509 1248 547 finem
1282 509 1421 561 Aprilis
1454 510 1578 548 literas
1604 509 1650 546 ad
1676 513 1728 552 te,

181 577 226 613 ad
268 577 313 614 D.
340 576 552 626 Martyrem,
589 575 637 612 D.
664 576 879 620 Gesnerum,
918 574 965 612 D.
993 573 1217 616 Gualterum‚
1255 574 1486 620 Lavaterum‚
1522 573 1728 615 Simlermn,

178 640 318 678 Julium
345 645 381 676 et
410 638 702 684 Froschoverum‚
732 652 820 689 quas
849 651 955 688 spero
983 650 1048 675 vos
1073 637 1270 688 accepisse.
1325 638 1373 676 D.
1398 638 1592 676 Gualterus
1624 635 1728 674 Had-

179 703 293 741 donus
322 710 403 741 ante
430 703 586 740 triduum
611 715 754 739 meeum
783 715 935 753 pransus
961 709 1028 747 est,
1058 701 1171 739 homo
1197 702 1328 740 doctus
1356 708 1395 739 et
1417 703 1511 753 pius.
1565 701 1727 739 Salutem

179 767 245 804 tibi
276 768 389 817 jussit>
421 767 588 811 adscribi,
625 772 662 803 et
697 766 745 803 D.
774 766 929 816 Martyri
965 772 1002 803 et
1033 766 1126 804 aliis.
1180 766 1305 803 Saluta
1337 779 1421 804 meo
1461 766 1613 804 nomine
1643 770 1728 801 tuos

180 844 318 868 omnes.
375 831 510 868 Omnia
534 843 708 881 prospera
732 836 820 880 opto
846 830 1035 880 Tigurinis
1062 830 1244 868 omnibus.
1298 831 1403 875 Vale,
1428 830 1613 868 carissime
1639 828 1729 867 Bul-

178 894 330 944 lingere‚
363 901 400 932 et
425 907 497 940 me,
529 894 627 945 quod
654 893 756 938 facis,
786 907 881 938 ama,
911 899 949 931 et
974 894 1096 931 Deum
1122 907 1188 945 pro
1215 907 1274 931 me
1300 907 1375 932 ora.
1430 894 1594 945 Raptim.
1629 892 1727 930 Lud-

177 958 326 1005 hamiae,
353 961 401 995 :25
431 959 537 1004 Maii,
569 960 679 996 1562.
735 957 825 996 Mea
844 971 909 996 vos
928 971 1067 996 omnes.
1123 958 1327 1008 Obsignavi
1353 958 1420 996 has
1446 959 1571 996 literas
1595 956 1726 994 ultimo

181 1022 284 1068 Maii,
315 1025 423 1060 1562.

894 1076 1007 1121 Tuus,

953 1139 1238 1178 JOHANNES
1266 1139 1672 1182 PARKHURSTUS‚

1222 1204 1520 1244 Nordovieensis.

433 1266 674 1293 INSCRIPTIO.

284 1319 498 1356 Clarissimo
524 1321 604 1356 viro
632 1321 678 1356 D.
706 1320 871 1356 Henrico

333 1383 564 1431 Bullingero.

638 1449 782 1496 Tigurz'.

697 1668 990 1710 EPISTOLA
1023 1669 1196 1711 XLIX.

423 1845 660 1877 RICARDUS
688 1848 839 1880 COXUS
867 1850 934 1880 AD
963 1849 1163 1880 PETRUM
1193 1849 1485 1880 MARTYREM.

256 1921 450 1959 meon
468 1923 556 1960 mihi
581 1925 691 1962 nimis
717 1926 869 1976 longum
894 1926 1144 1964 intercessisse
1166 1925 1343 1976 temporis
1360 1924 1604 1970 intervallum,
1624 1925 1721 1975 quod

182 1986 315 2023 mutuis
346 1986 458 2023 literis
489 2000 558 2024 nos
590 1989 881 2028 salutaverimus:
921 2004 1128 2042 quanquam
1159 1990 1265 2027 fateri
1299 2002 1424 2039 cogor,
1453 2002 1512 2025 me
1544 2002 1566 2025 a
1597 1994 1633 2025 te
1665 2002 1722 2026 ac-

181 2051 318 2102 cepisse
346 2050 480 2096 literas,
508 2065 553 2088 ex
586 2065 657 2102 quo
689 2054 735 2091 ad
765 2061 801 2091 te
835 2055 1029 2106 quiequam
1062 2054 1276 2104 scripserim.
1335 2053 1488 2090 Interim
1517 2058 1642 2089 tamen
1678 2066 1724 2089 ex

181 2122 218 2152 te
242 2127 315 2150 una
338 2126 419 2151 eum
447 2114 525 2151 aliis
552 2117 777 2167 voluptatem
808 2131 980 2169 magnam
1006 2118 1125 2169 capio,
1155 2118 1252 2168 quod
1281 2117 1374 2154 adeo
1395 2123 1541 2154 strenue
1568 2116 1726 2153 indefes-

180 2191 291 2228 seque
322 2178 480 2228 operaris
507 2179 545 2215 in
574 2180 680 2217 vinea
706 2181 858 2219 Domini
888 2183 933 2220 ad
964 2182 1270 2234 propagationem
1296 2187 1407 2231 atque
1437 2181 1724 2218 aedificationem

182 2242 346 2278 eeclesiae
379 2242 450 2278 Dei
480 2242 517 2279 in
549 2242 620 2281 hoc
652 2245 775 2283 seculo
803 2259 973 2297 nequam.
1031 2246 1185 2284 Laboris
1215 2246 1270 2283 tui
1295 2252 1444 2295 gustum
1471 2245 1726 2282 suavissimum

181 2305 330 2343 subinde
361 2306 501 2356 accipio
534 2320 610 2344 non
643 2308 720 2346 sine
753 2309 997 2348 delectatione
1025 2316 1061 2347 et
1095 2310 1226 2347 fructu.
1281 2310 1394 2347 Haud
1425 2310 1478 2347 ita
1513 2309 1653 2360 pridem
1686 2308 1726 2346 in

185 2376 249 2407 tuo
274 2369 443 2406 Judicum
471 2370 562 2408 libro
589 2378 750 2411 versatus
776 2387 869 2419 sum,
902 2387 1010 2425 quem
1039 2381 1080 2412 tu
1110 2374 1371 2412 humanissime
1403 2374 1448 2411 ad
1480 2387 1540 2411 me
1570 2373 1723 2417 misisti3

185 2439 425 2483 exspectoque
447 2436 720 2482 commentaria,
746 2450 828 2487 quae
855 2438 893 2476 in
920 2439 1032 2476 libros
1060 2439 1207 2489 Regum
1235 2452 1275 2476 es
1300 2438 1498 2489 pollicitus,
1528 2443 1569 2474 ut
1593 2437 1728 2487 saepius

186 2509 268 2534 cum
300 2510 382 2534 meo
420 2498 529 2535 Petro
560 2500 692 2537 versari
728 2502 878 2551 possim,
917 2503 1002 2540 dum
1040 2502 1078 2539 in
1110 2503 1189 2553 ejus
1223 2502 1368 2552 scriptis
1399 2502 1510 2539 libere
1547 2500 1725 2552 expatiari

187 2573 328 2609 queam.
383 2561 537 2600 Pensare
564 2569 663 2601 tuam
691 2578 780 2615 erga
805 2579 863 2603 me
890 2567 1181 2604 benevolentiam
1205 2580 1281 2604 non
1307 2573 1363 2604 est
1394 2579 1507 2616 penes
1535 2578 1606 2603 me.
1664 2565 1726 2602 In-

188 2623 292 2660 terim
316 2630 436 2661 tamen
464 2626 546 2663 misi
578 2627 624 2664 ad
654 2634 690 2665 te
722 2642 785 2678 per
816 2630 863 2666 D.
897 2631 1156 2681 Springamum
1185 2631 1315 2681 viginti
1345 2635 1543 2668 coronatos
1572 2630 1630 2667 vel
1661 2629 1726 2666 ali-

191 2699 298 2737 quam
321 2688 413 2736 grati
438 2689 550 2726 animi
572 2691 889 2740 significationem.
943 2694 1028 2731 Scio
1057 2701 1096 2732 te
1122 2695 1218 2746 aequi
1245 2695 1333 2732 boni
1361 2695 1621 2732 consulturum.

267 2749 306 2786 Si
342 2750 385 2787 de
413 2758 534 2789 nostra
568 2755 779 2793 conditione
809 2757 1001 2808 quicquam
1035 2759 1177 2796 novisse
1199 2760 1316 2809 juvat,
1344 2772 1428 2796 cum
1455 2758 1647 2796 hominum
1674 2758 1728 2795 in—

193 2813 302 2862 genia
326 2819 362 2850 et
384 2814 663 2855 inconstantiam
689 2821 945 2870 perpendimus
977 2835 1060 2859 cum
1086 2823 1186 2859 verbi
1211 2823 1268 2860 vel
1297 2829 1547 2873 contemptum
1571 2823 1626 2860 vel
1653 2822 1728 2872 piae

192 2876 280 2913 vitae
313 2878 516 2927 neglectum
545 2889 770 2931 spectamus;
809 2884 868 2921 vix
894 2886 995 2922 verbi
1021 2886 1058 2922 in
1086 2882 1186 2923 hisce
1211 2886 1424 2936 regionibus
1451 2886 1728 2924 diuturnitatem

195 2953 334 2991 sperare
358 2943 541 2981 audemus.
599 2945 733 2996 Ingens
751 2953 807 2985 est
829 2948 962 2999 ubique
987 2949 1206 3000 papistarum
1229 2963 1412 2996 numerus,
1432 2950 1589 2988 larvatus
1608 2955 1732 2987 tamen
