1845 3233
77 122 141 179 x.]
343 136 551 163 JOHANNES
586 138 713 164 roxus
747 139 802 164 AD
832 137 1044 164 1113anch
1077 137 1376 164 BULLINGERUM.
1600 126 1653 166 15

76 254 189 291 mitti.
244 253 283 290 Si
309 266 387 291 non
413 255 660 305 pervenerint,
690 255 863 292 nolebam
894 255 932 292 id
956 268 1024 292 vos
1048 255 1190 292 nescire
1221 260 1370 292 tamen:
1410 254 1448 290 id
1478 253 1578 291 enim
1608 268 1655 292 ex

77 317 203 355 alteris
216 318 295 367 jam
314 318 426 355 Abeli
445 319 561 356 literis
580 319 627 356 ad
647 331 718 356 nos
737 319 884 369 scriptis
903 319 1164 356 intelleximus,
1211 319 1350 356 Literae
1368 318 1454 362 illue,
1475 324 1655 369 quantum

75 382 259 431 intelligo,
290 395 420 420 mense
446 383 586 420 Martio
613 383 658 420 ad
685 396 751 420 vos
776 396 823 420 ex
844 383 987 431 Anglia
1014 383 1213 420 destinatae
1241 389 1339 428 sunt,
1364 383 1411 420 ad
1434 396 1504 420 nos
1526 396 1654 421 mense

76 446 197 496 Aprili
229 446 492 491 mittebantur3
529 448 682 498 jamque
714 461 844 485 mense
883 448 988 485 Maio
1021 447 1065 485 de
1095 461 1174 485 non
1211 447 1364 485 redditis
1397 447 1655 497 intelligimus.

77 510 304 561 Scripseram
333 517 517 561 praeterea
548 512 595 550 D.
620 511 848 549 Frenshamo
874 512 959 549 istie
987 512 1086 563 apud
1109 525 1175 550 vos
1204 512 1343 562 Aprilis
1373 514 1447 556 233
1476 525 1546 549 nee
1575 513 1653 550 scio

77 587 125 612 an
143 575 301 612 redditae
320 575 398 612 sint
416 576 469 613 illi
488 576 620 613 literae.
678 577 728 613 Et
753 577 798 613 de
816 576 1027 614 valetudine
1051 577 1130 627 ejus
1149 577 1258 614 valde
1277 577 1370 613 scire
1395 577 1517 626 cupio.
1573 577 1655 615 Tua

76 640 297 689 praestantia
329 640 547 690 dignabitur
575 654 660 678 eum
688 640 758 678 hac
783 641 829 677 de
854 654 894 678 re
919 642 1130 686 admonere,
1159 641 1269 678 simul
1295 647 1332 677 et
1356 641 1653 679 imbecillitatem

76 704 175 741 illius
206 705 409 750 sublevare,
440 705 561 755 quoad
593 705 744 755 poteris,
779 705 810 742 si
838 705 926 755 quid
957 705 1111 743 laboret.

158 768 203 805 In
232 768 396 806 historiis
425 770 634 819 Martyrum
654 769 874 819 colligendis
897 768 959 807 hic
977 770 1182 806 tumultuor
1204 782 1272 820 pro
1297 769 1447 814 viribus,
1475 783 1518 808 ac
1540 770 1654 808 ferme

78 845 186 883 supra
204 833 312 870 vires.
357 834 444 879 Qua
462 834 501 871 in
519 847 558 871 re
577 834 607 871 si
628 834 715 884 quid
735 833 888 884 poteris,
908 846 978 871 nos
999 834 1149 883 adjuves
1167 834 1290 871 velim.
1347 833 1496 872 Poteris
1515 841 1652 880 autem,

77 897 109 934 si
136 910 220 934 eum
255 898 302 935 D.
339 898 572 936 Bernardino
602 898 687 935 istic
714 898 934 947 caeterisque
972 898 1078 935 Italis
1110 911 1214 945 agas,
1243 903 1284 935 ut
1315 899 1345 934 si
1371 899 1459 948 quid
1491 898 1654 936 habeant

75 974 198 999 rerum
216 961 429 1011 hujusmodi
447 976 493 999 ex
515 962 624 999 Italia
641 962 800 999 breviter
828 968 1050 1000 annotatum
1076 963 1214 1006 velint;
1252 963 1388 1000 deinde
1417 963 1448 999 si
1477 963 1563 1013 quid
1590 969 1654 1001 tua

77 1025 191 1063 etiam
209 1026 391 1063 memoria
408 1027 453 1063 de
473 1027 582 1063 rebus
606 1026 645 1063 in
667 1031 789 1063 vestro
809 1026 974 1067 confinio
993 1027 1109 1077 gestis
1131 1033 1270 1071 teneat,
1290 1027 1446 1064 nomina
1464 1027 1596 1064 saltem
1616 1034 1654 1065 et

75 1090 215 1140 oppida
231 1090 360 1140 paucis
378 1091 602 1140 consignare
619 1091 790 1128 volueris.
846 1090 945 1128 Nam
966 1091 1036 1128 etsi
1054 1091 1093 1128 in
1118 1091 1344 1129 Britannicis
1366 1091 1528 1128 maxime
1551 1091 1653 1128 labo-

75 1167 212 1199 ramus,
240 1160 458 1192 caeterarum
477 1160 603 1192 tamen
624 1154 794 1204 gentium
814 1167 934 1192 sacras
952 1154 1137 1200 historias,
1156 1156 1185 1192 si
1205 1156 1441 1205 contingant,
1460 1169 1538 1193 non
1556 1168 1652 1206 prae-

75 1219 262 1257 teriemus.
321 1219 368 1257 D.
399 1219 509 1256 Jesus
538 1219 696 1256 salutem
723 1224 838 1263 tuam,
869 1219 991 1256 studia
1015 1225 1054 1256 et
1082 1219 1238 1264 labores,
1264 1220 1400 1270 dirigat
1423 1220 1469 1257 ad
1495 1219 1651 1269 gloriam

74 1282 214 1333 ipsius!
259 1283 435 1329 Basileae,
454 1283 572 1333 pridie
592 1283 848 1328 PentecosteS,
872 1285 985 1321 1559.

973 1371 1075 1408 Tuus
1102 1371 1141 1408 in
1170 1370 1333 1417 Christo,

1178 1446 1328 1485 JOAN.
1358 1445 1544 1484 FOXUS.

416 1525 680 1552 INscmP'rIO.

180 1580 405 1617 Deciis-simo
435 1591 481 1616 ac
512 1581 754 1627 integerrimo
782 1580 866 1616 viro
893 1580 942 1616 D.
971 1580 1076 1616 Hen-

232 1646 310 1681 rz'co
345 1644 582 1690 Bullingero,
619 1645 728 1692 apud
761 1645 967 1692 Tigurinos
1001 1645 1074 1681 Ec-

233 1710 426 1747 clesiastae.
484 1708 625 1757 Tiguri.

650 1927 951 1969 EPISTOLA
982 1926 1071 1969 XI.

242 2076 485 2108 RICARDUS
514 2076 668 2108 COXUS
696 2077 764 2108 AD
793 2076 1143 2108 WOLFGANGUM
1173 2074 1495 2107 WEIDNERUM.

156 2162 252 2201 CUM
290 2163 499 2201 Wormatia
535 2164 772 2208 discederem,
808 2164 1007 2201 reverende
1051 2176 1163 2200 senex
1201 2169 1238 2200 et
1271 2162 1383 2199 frater
1418 2162 1456 2198 in
1499 2159 1650 2199 Christo

73 2227 269 2278 plurimum
289 2228 529 2272 observande,
551 2241 696 2278 semper
713 2228 809 2278 apud
830 2241 890 2264 me
907 2227 1050 2264 decrevi
1070 2227 1117 2264 ad
1135 2232 1172 2264 tc
1191 2227 1363 2269 scribere,
1382 2226 1649 2276 certioremque

74 2292 196 2330 facere
214 2292 364 2329 tandem
384 2293 585 2343 aliquando
604 2293 650 2329 dc
667 2305 787 2329 rerum
805 2298 1014 2329 nostrarum
1040 2296 1139 2328 statu
1165 2297 1203 2327 et
1227 2290 1456 2335 conditione,
1485 2290 1583 2340 quod
1610 2296 1649 2327 te

74 2357 200 2394 audire
239 2369 317 2394 non
364 2357 552 2405 ingratum
591 2369 671 2393 esse
713 2356 922 2393 existimavi
972 2360 1123 2406 propter
1167 2355 1357 2392 ardentem
1394 2354 1650 2404 sincerumque

74 2420 209 2465 zelum,
236 2434 309 2471 quo
340 2421 456 2458 indies
482 2420 639 2457 afficeris
671 2433 760 2469 erga
785 2419 925 2457 Christi
953 2419 1045 2456 Jesu
1072 2419 1318 2469 evangelium.
1376 2417 1540 2455 Coactus
1566 2431 1647 2455 sum

73 2485 268 2530 hactenus,
288 2485 418 2529 fateor,
447 2485 583 2522 invitus
611 2484 731 2528 silero,
750 2498 797 2521 ne
816 2497 943 2534 parum
972 2483 1040 2520 tibi
1069 2489 1176 2533 grata
1199 2482 1383 2520 referrem.
1440 2482 1515 2519 Sub
1544 2496 1648 2521 saevo

73 2550 209 2587 Mariae
238 2550 393 2600 imperio
420 2550 472 2586 ita
496 2550 611 2587 crevit
638 2549 865 2598 invaluitque
888 2548 1077 2598 papismus
1103 2547 1149 2584 ad
1172 2546 1465 2597 quinquennium
1486 2552 1646 2592 tantum,

72 2621 114 2651 ut
150 2614 364 2651 incredibile
395 2614 516 2656 fuerit,
549 2619 779 2663 quantopere
812 2618 964 2662 pectora
994 2612 1222 2662 papistaruni
1255 2611 1516 2656 obduruerint;
1553 2611 1648 2648 adeo

72 2685 114 2716 ut
142 2691 219 2716 non
245 2679 324 2715 sine
345 2692 485 2727 magna
511 2677 726 2715 difficultate
754 2676 987 2727 pientissima
1019 2681 1148 2713 nostra
1175 2675 1324 2725 Regina
1350 2689 1425 2713 una
1448 2689 1529 2713 eum
1558 2676 1648 2721 suis,

73 2743 136 2793 qui
162 2757 184 2780 a
207 2743 360 2781 veritate
388 2749 536 2780 strenue
560 2747 753 2785 steterunt,
785 2741 939 2778 sincerae
966 2739 1107 2777 Christi
1132 2739 1305 2790 religioni
1329 2741 1449 2778 locum
1480 2740 1648 2777 obtinere

72 2808 247 2858 potuerit.
315 2808 546 2845 Restitcrunt
589 2806 627 2843 in
664 2818 809 2842 summo
847 2810 978 2842 nostro
1017 2803 1176 2841 concilio
1216 2803 1335 2855 (quod
1372 2805 1647 2842 Parlainentum

73 2872 215 2910 Gallico
247 2872 427 2909 vocabulo
455 2869 701 2921 appellamus)
738 2869 955 2914 Pontifices,
986 2868 1124 2906 Scribze
1157 2874 1196 2905 ct
1229 2868 1420 2905 Pharisa‘i.
1477 2868 1527 2906 Et
1562 2868 1648 2918 quia

71 2950 118 2974 eo
138 2936 210 2974 loci
235 2949 375 2987 paucos
403 2935 603 2981 habebant,
629 2935 691 2986 qui
720 2940 850 2972 contra
868 2934 926 2972 vel
949 2932 1090 2972 hiscere
1115 2939 1281 2983 possent,
1300 2934 1445 2971 vincere
1471 2938 1648 2983 perpetuo
