1845 3233
163 134 247 176 146
727 147 926 176 RoBER'rus
958 147 1115 175 Hormus
1576 133 1717 191 [Ems'r.

158 261 339 302 venientis
369 274 492 300 rumor
517 262 767 313 perterrefecit
802 276 845 300 ac
878 262 1079 312 dissipavit.
1134 262 1195 300 Ita
1229 262 1295 309 illi,
1327 263 1540 314 priusquam
1572 262 1718 308 devicti,

159 327 287 365 invicti
312 331 418 370 sunt;
449 326 524 372 isti,
551 332 747 377 antequam
779 326 943 378 provecti
970 339 1167 377 quoquam,
1194 327 1303 377 plane
1328 327 1464 365 devicti
1492 331 1588 364 sunt.
1633 327 1720 364 Duo

159 397 300 428 tantum
327 390 480 435 nobiles,
509 390 608 441 iique
637 391 769 428 nullius
794 390 1021 428 auctoritatis
1046 396 1110 427 aut
1133 391 1309 438 nominis,
1337 391 1519 436 homines,
1543 397 1583 428 ut
1611 390 1719 428 levis-

162 456 252 492 sime
275 454 407 499 dicam,
432 454 620 501 levissimi,
642 455 777 492 veteris
800 455 947 506 quidem
970 454 1113 500 farinae,
1138 468 1214 500 seu,
1242 455 1302 507 (ut
1324 456 1415 506 ipsis
1438 455 1541 507 loqui
1563 452 1718 506 placet,)

160 519 323 569 antiquae
342 518 547 569 religionis,
566 524 664 556 certe
682 518 889 557 honestatis
906 531 1054 569 prorsus
1071 519 1287 570 antiquatae,
1306 519 1417 558 fuere.
1474 520 1551 565 Qui
1570 524 1607 557 et
1625 519 1720 556 clam

160 588 288 633 postea
318 582 608 629 transfretantes,
642 583 760 621 adhuc
793 584 831 620 in
857 583 1111 620 transmarinis
1139 584 1305 634 partibus
1335 584 1462 621 exules
1486 584 1720 627 delitescunt,

162 652 211 692 et,
236 653 277 683 ut
298 646 396 684 fama
421 652 489 693 est,
510 647 614 697 quasi
634 646 745 685 Caini
768 646 953 684 maledicti
973 660 1016 684 ac
1035 647 1195 698 profugi,
1216 653 1397 698 vagantur
1420 648 1564 686 misere.
1621 647 1720 692 Quae

160 711 222 747 fax
254 711 334 748 aliis
362 712 469 761 regni
497 711 613 749 nostri
643 711 808 762 partibus
837 716 968 762 postea
998 711 1174 749 scintillas
1206 713 1428 751 seditionum
1455 712 1631 763 quasdam
1659 723 1721 748 ex-

160 774 319 820 halavit3
350 775 414 812 sed
434 788 626 825 procerum
651 775 856 826 prudentia,
886 789 951 813 seu
968 775 1092 814 divina
1115 777 1238 827 potius
1262 777 1504 828 providentia,
1530 789 1608 814 non
1629 775 1722 813 diffi-

162 839 277 876 culter
308 839 473 877 extincta
502 846 558 878 est
589 846 626 878 et
654 840 812 878 evanuit.
886 840 946 877 Ita
980 854 1092 888 nunc,
1123 840 1344 893 (immortali
1372 841 1455 879 Deo
1479 841 1529 878 sit
1558 838 1720 891 gratial)

161 903 351 953 alcyonios
378 904 486 954 plane
514 905 591 942 dies
619 910 818 943 consecuta
843 904 985 955 Anglia
1011 911 1093 943 tota
1120 905 1360 957 conquiescit.

238 966 364 1017 Atque
394 968 548 1014 utinam,
576 969 607 1006 si
639 969 722 1007 Deo
755 975 831 1020 opt.
861 982 959 1008 max.
997 970 1050 1007 sic
1079 970 1198 1008 visum
1225 975 1333 1016 esset,
1364 970 1460 1007 idem
1491 970 1615 1007 liceret
1641 982 1723 1006 vere

161 1037 224 1069 aut
246 1031 322 1069 fere
347 1032 476 1069 saltem
502 1033 547 1070 de
573 1033 725 1071 ecclesia
753 1034 895 1071 dicere!
951 1034 1117 1072 Ecclesia
1142 1034 1238 1072 enim
1266 1040 1392 1072 nostra
1412 1034 1578 1071 nondum
1601 1047 1621 1070 e
1643 1046 1724 1071 ves-

160 1096 276 1134 tiariis
293 1096 365 1134 illis
384 1097 631 1136 offensionum
648 1098 808 1148 scopulis
827 1098 1002 1144 enatavit,
1021 1099 1151 1149 quibus
1171 1099 1331 1150 primum
1350 1098 1516 1149 impegit.
1552 1097 1723 1142 Clavum,

161 1165 202 1198 ut
221 1160 303 1207 scis,
329 1167 442 1208 tenet,
470 1167 507 1199 et
525 1162 644 1200 adhuc
671 1175 743 1213 qua
761 1163 838 1200 vult
859 1162 981 1208 vertit,
1007 1163 1177 1214 princeps
1199 1163 1352 1214 optima.
1407 1162 1488 1201 Nos
1505 1175 1603 1209 vero,
1624 1160 1724 1212 quod

160 1226 278 1263 solum
306 1226 404 1272 licet,
430 1227 544 1265 divini
570 1227 700 1265 flatum
729 1227 880 1278 spiritus
906 1233 1177 1278 exspectamus,
1204 1233 1242 1265 et
1267 1227 1433 1279 quotidie
1459 1240 1587 1264 omnes
1616 1226 1721 1263 invo-

160 1303 285 1327 camus
311 1291 406 1328 serio
436 1305 479 1329 ac
508 1291 755 1337 vehementer,
784 1298 825 1328 ut
853 1292 1004 1330 tandem
1034 1292 1107 1330 alio
1135 1292 1216 1330 vela
1246 1297 1427 1343 torqueat.
1484 1291 1637 1329 Interim
1670 1295 1723 1326 ta-

161 1367 258 1399 men,
278 1355 339 1405 qui
358 1356 526 1394 alteriore
545 1357 583 1393 in
607 1357 690 1394 loco
710 1362 862 1403 stamus,
888 1369 965 1394 non
989 1357 1027 1394 id
1051 1357 1207 1407 agimus,
1234 1357 1333 1407 quod
1351 1357 1483 1407 vulgus
1502 1354 1723 1406 importunis

161 1425 268 1469 urget
292 1420 523 1466 clamoribus,
547 1420 601 1471 (id
626 1421 725 1458 enim
746 1428 845 1459 esset
868 1421 971 1459 valde
993 1420 1269 1472 periculosum‚)
1292 1427 1333 1458 ut
1350 1421 1517 1466 invitam,
1538 1432 1611 1470 quo
1629 1431 1724 1456 non-

161 1483 248 1520 dum
265 1483 455 1534 pervenire
482 1485 615 1535 placet,
641 1485 906 1536 pertrahamus,
932 1486 1039 1536 quasi
1057 1486 1200 1524 clavum
1220 1500 1239 1523 e
1258 1485 1429 1523 manibus
1453 1489 1722 1535 extorquentes.

161 1547 300 1585 Verum
332 1548 369 1585 id
399 1548 582 1595 enitimur,
619 1555 671 1594 ut,
707 1550 794 1588 licet
825 1550 918 1587 male
946 1550 1082 1596 vestiti,
1116 1551 1209 1588 bene
1243 1556 1341 1588 certe
1372 1549 1511 1588 cordati
1541 1550 1579 1586 in
1612 1560 1724 1598 opere

164 1610 317 1649 Domini
348 1613 580 1650 conficiundo
613 1613 746 1651 simus:
794 1627 862 1651 nec
900 1622 974 1651 tam
1012 1615 1057 1651 de
1092 1627 1217 1664 panno
1245 1620 1372 1652 nostro
1402 1613 1509 1651 nobis
1543 1612 1724 1663 gestando

162 1675 311 1725 pulchre
330 1689 418 1714 cura
442 1683 512 1722 est,
532 1690 641 1727 quam
664 1678 709 1715 de
728 1691 825 1729 pane
848 1678 1004 1716 Domini
1029 1678 1189 1716 secando
1207 1684 1304 1716 recte
1322 1692 1330 1715 ε
1367 1691 1437 1715 nec
1457 1677 1613 1728 denique
1632 1676 1725 1714 tanti

162 1739 328 1786 facimus,
364 1740 395 1777 si
422 1741 549 1778 tunica
581 1746 706 1779 nostra
738 1742 851 1779 futilis
885 1747 1071 1793 appareat,
1105 1756 1214 1793 quam
1247 1743 1284 1780 id
1317 1755 1486 1780 curamus
1520 1755 1566 1779 ne
1599 1742 1727 1778 tunica

163 1803 318 1841 Domini
346 1804 579 1843 inconsutilis
602 1806 830 1844 distrahatur.
886 1807 975 1845 Non
1000 1807 1133 1844 desunt
1156 1813 1280 1844 tamen
1310 1806 1493 1844 inferioris
1514 1806 1587 1844 loci
1616 1811 1727 1856 atque

162 1867 298 1906 ordinis
323 1868 502 1915 homines,
533 1870 611 1907 sine
636 1871 710 1908 sale
739 1871 886 1921 quidem
912 1877 975 1909 aut
999 1885 1123 1917 sensu,
1149 1877 1187 1909 et
1211 1871 1331 1921 ignari
1357 1876 1394 1908 et
1421 1870 1543 1921 ignoti
1565 1869 1725 1920 penitus,

162 1933 237 1983 qui,
268 1934 441 1984 quoniam
476 1934 669 1972 ecclesiam
693 1935 767 1972 suis
793 1935 888 1973 votis
916 1941 979 1973 aut
1010 1936 1133 1986 potius
1162 1935 1388 1973 vanitatibus
1419 1935 1586 1973 nondum
1614 1934 1726 1984 quad—

160 2010 239 2035 rare
264 1998 505 2048 conspiciunt,
533 1999 691 2037 necdum
715 2000 804 2037 satis
827 1999 901 2037 suis
926 2000 1075 2051 ineptiis
1096 1999 1331 2050 respondere,
1359 2000 1424 2037 sed
1448 2003 1599 2037 ventum
1627 2010 1727 2049 pror-

162 2073 223 2097 sus
248 2061 471 2099 contrarium
499 2076 591 2109 esse,
616 2063 753 2101 idcireo
775 2063 838 2101 alii
863 2064 1041 2101 stationes
1066 2077 1150 2101 suas
1175 2064 1347 2101 deserunt
1371 2077 1413 2101 ac
1441 2063 1551 2101 otiosi
1579 2062 1727 2100 delites-

160 2131 248 2161 cunt
265 2139 273 2170 ;
306 2126 380 2173 alii,
401 2127 555 2178 scaphas
573 2128 644 2165 sibi
664 2141 747 2166 suas
768 2128 1000 2174 fabricantes,
1019 2128 1274 2167 conventicula
1292 2133 1513 2173 convocant,
1533 2127 1727 2178 episcopos

161 2202 245 2227 suos
275 2190 341 2227 sibi
376 2190 531 2241 eligunt,
558 2206 598 2229 ac
630 2193 726 2230 inter
759 2206 798 2230 se
827 2194 990 2243 synodos
1020 2194 1261 2238 celebrantes,
1291 2205 1375 2230 suas
1404 2192 1473 2230 sibi
1497 2192 1600 2242 leges
1627 2203 1727 2229 com-

161 2253 405 2292 miniscuntur
423 2262 460 2293 et
488 2256 642 2306 fingunt.
699 2256 912 2296 Conciones
936 2263 1128 2309 respuunt,
1154 2257 1454 2296 communionem
1473 2260 1726 2307 aspernantur,

162 2318 299 2368 templa
316 2318 436 2357 diruta
449 2320 578 2358 volunt
597 2322 735 2366 omnia,
755 2328 884 2372 utpote
899 2323 1068 2373 papismo
1084 2322 1173 2360 olim
1193 2327 1429 2366 consecrata;
1450 2334 1520 2358 nec
1539 2321 1728 2358 ministros

162 2381 272 2418 modo
299 2388 445 2420 nostros
475 2383 614 2422 habent
643 2398 710 2436 pro
735 2385 906 2432 ludibrio,
936 2387 1000 2424 sed
1027 2387 1148 2437 ipsum
1175 2386 1288 2423 etiam
1317 2385 1562 2423 ministerium
1588 2397 1634 2422 ne
1661 2384 1727 2435 pili

161 2445 307 2494 quidem
334 2446 484 2485 faciunt.
540 2449 663 2500 Atque
691 2449 756 2495 ita,
787 2456 962 2501 quantum
988 2450 1028 2488 in
1059 2451 1131 2488 illis
1161 2456 1228 2495 est,
1261 2449 1469 2487 miserabile
1493 2448 1727 2499 naufragium

161 2508 325 2547 ecclesiae
345 2518 484 2550 nostrae
503 2519 641 2551 temere
659 2514 771 2552 nimis
794 2527 837 2552 ac
855 2515 1133 2565 praecipitanter
1150 2519 1360 2552 arcessunt:
1387 2519 1486 2552 certe
1504 2526 1581 2550 non
1599 2525 1727 2564 parum

162 2573 312 2611 liberum
340 2578 521 2627 evangelii
550 2591 698 2615 cursum
724 2584 966 2616 remorantur.
1023 2579 1102 2629 Ipsi
1128 2579 1282 2623 interea,
1311 2578 1438 2615 nescio
1467 2577 1601 2628 quibus
1629 2589 1727 2615 erro-

159 2649 238 2673 rum
268 2637 439 2678 fluctibus
466 2642 557 2679 mire
578 2642 723 2692 jactati,
745 2648 782 2680 et
807 2643 917 2681 variis
935 2643 1142 2681 vanitatum
1167 2643 1317 2680 flatibus
1345 2641 1470 2680 nescio
1497 2655 1570 2692 quo
1595 2641 1727 2678 misere

160 2704 403 2750 praetervecti,
423 2704 461 2741 in
484 2706 746 2743 absurdissima
770 2707 986 2758 opinionum
1005 2708 1135 2745 deliria
1160 2708 1413 2745 devolvuntur.
1468 2706 1636 2756 Ideoque
1663 2705 1726 2742 ab·

159 2764 331 2803 scindunt
361 2781 442 2805 sese
475 2782 497 2806 a
529 2770 647 2816 nobis,
683 2777 724 2807 ut
760 2771 875 2818 aiunt,
911 2785 975 2810 seu
1010 2772 1147 2822 potius,
1182 2771 1287 2823 quasi
1321 2770 1507 2813 Theudas,
1537 2781 1620 2807 cum
1653 2769 1727 2805 suis

160 2827 381 2877 abscedunt3
406 2845 449 2870 ac
473 2834 623 2883 perinde
641 2834 783 2872 faciunt
804 2849 847 2873 ac
866 2835 904 2881 ii,
926 2836 989 2887 qui
1008 2849 1093 2874 cum
1116 2849 1243 2874 auram
1262 2835 1333 2873 sibi
1355 2835 1546 2872 adversam
1563 2833 1727 2883 aliquan-

159 2892 275 2930 tulum
310 2895 483 2941 sentiant,
513 2910 583 2935 nec
614 2906 771 2948 possunt
803 2901 927 2937 statim
960 2914 1034 2951 quo
1064 2901 1194 2938 volunt
1223 2899 1427 2951 pervenire,
1463 2898 1509 2935 ad
1536 2897 1726 2934 meliorem

161 2968 240 2993 sese
274 2964 421 2997 ventum
451 2974 635 3000 reservare
660 2963 803 3009 nolunt,
836 2965 899 3002 sed
936 2964 1129 3004 exilientes
1157 2979 1178 3004 e
1204 2965 1289 3004 navi
1319 2964 1358 3003 in
1387 2963 1542 3014 pelagus
1567 2975 1606 3000 se
1633 2974 1726 3013 prae-
