1845 3233
91 117 234 175 xvim]
565 135 615 160 AD
650 134 863 162 namucum
895 132 1198 160 BULLINGERUM.
1618 124 1672 163 25

93 239 252 289 aliquam
279 244 422 289 partem
443 238 489 275 ad
510 244 548 275 te
569 239 739 283 mittere;
779 238 882 289 quod
910 243 948 274 et
969 250 1069 274 nunc
1087 237 1273 282 fecissem,
1294 238 1359 275 sed
1378 252 1470 289 opus
1490 246 1545 276 est
1562 240 1673 289 paulo

91 303 318 340 accuratiore
352 302 615 352 descriptione,
649 316 722 353 quo
754 302 898 340 facilius
935 315 958 338 a
990 302 1095 339 vobis
1128 302 1284 352 legatur.
1344 303 1539 341 Hactenus
1572 304 1672 341 enim

92 366 146 403 sie
171 367 374 404 tumultuor
400 366 438 403 in
461 366 679 404 Graecorum
706 367 874 405 conciliis
901 378 985 404 cum
1006 366 1142 416 duplici
1174 369 1443 405 commentario
1473 369 1673 413 vertendis,

91 436 170 467 tum
203 431 242 468 in
276 430 490 481 colligenda
524 438 735 469 nostrorum
770 438 973 481 martyrum
1007 429 1164 467 historia
1197 431 1362 482 aliisque,
1400 439 1440 468 ut
1476 432 1567 469 nihil
1599 433 1674 470 fere

91 495 252 545 supersit
270 495 376 532 vacui
395 497 574 546 temporis
588 497 634 534 ad
654 496 948 534 describendum.
997 495 1083 539 Quo
1107 496 1229 532 minus
1247 496 1403 541 mireris,
1424 497 1454 533 si
1473 497 1673 547 indiligen-

92 559 165 596 tius
192 559 257 596 has
292 572 439 610 quoque
471 561 595 598 literas
630 562 676 598 ad
707 568 745 598 te
777 574 874 597 nune
908 559 1129 609 scripserim.
1187 560 1289 610 Opto
1322 567 1359 597 te
1392 561 1510 598 fauste
1540 562 1672 608 valere,

93 622 147 659 rir
169 623 400 662 doctissime.
458 626 636 671 Basileae,
659 628 708 662 26
732 625 921 676 Septemb.
947 626 1059 661 1559.

932 699 1033 737 Tuus
1061 699 1097 736 in
1127 700 1292 745 Christo,

305 788 561 814 INSCRIPTIO.
1313 777 1348 814 J.
1382 776 1568 816 FOXUS.

192 841 376 878 ornatis&
399 845 432 878 et
452 843 670 879 doctissimo

148 906 228 942 tiro
249 906 297 942 D.
317 907 485 943 Hearico
505 907 739 955 thllz'ngero,

374 971 520 1019 Tiguri.

655 1199 952 1241 EPISTOLA
985 1199 1123 1241 XIX.

294 1376 551 1407 JOHANNES
582 1376 795 1407 JUELLUS
828 1377 896 1407 AD
931 1375 1131 1406 PETRUM
1166 1373 1465 1404 MARTYREM.

168 1457 348 1495 TANDEM
385 1464 511 1494 tamon
552 1457 751 1508 aliquando
794 1457 1006 1495 Londinum
1047 1455 1154 1499 redii,
1193 1454 1365 1491 confecto
1407 1454 1676 1492 molestissimo

91 1523 237 1566 itinere,
258 1522 431 1559 consecto
460 1535 624 1572 corpore.
682 1522 740 1560 Tu
762 1521 920 1558 fortasse
947 1534 1020 1566 me,
1046 1520 1144 1570 quod
1172 1519 1264 1555 nihil
1292 1519 1502 1562 scriberem,
1522 1519 1676 1568 putabas

92 1600 172 1623 esse
193 1593 389 1623 mortuum.
437 1587 524 1636 Ego
545 1599 630 1623 vero
650 1586 794 1623 interea
811 1593 886 1623 tres
906 1591 1008 1622 totos
1027 1597 1174 1621 menses
1194 1582 1399 1632 longinqua
1418 1590 1455 1619 et
1470 1584 1677 1633 perdifficili

91 1651 277 1701 legatione
297 1651 510 1688 distinebar.
567 1650 664 1688 Cum
690 1664 811 1688 essem
842 1650 1023 1694 Bristolii‚
1052 1649 1207 1686 redditze
1227 1646 1318 1684 mihi
1338 1654 1423 1683 sunt
1448 1647 1565 1684 literae
1585 1655 1676 1694 turo,

92 1729 182 1766 quas
220 1729 344 1754 secum
393 1715 635 1765 Randolphus
677 1723 804 1752 noster
846 1715 1063 1758 adduxerat,
1110 1713 1162 1750 ita
1198 1711 1319 1749 amice.
1357 1711 1508 1762 scriptzc
1552 1712 1676 1763 itaque

91 1794 233 1825 suaves,
270 1787 310 1817 ut
343 1780 436 1817 mihi
467 1793 616 1817 omnem
650 1781 752 1818 illam
785 1780 996 1817 molestiam
1033 1779 1207 1815 itinerum
1246 1782 1354 1826 atque
1391 1778 1675 1826 occupationum

92 1858 239 1895 prorsus
277 1845 461 1894 eriperent
496 1858 542 1882 ex
577 1845 728 1882 animo:
777 1852 953 1894 tanquam
991 1843 1089 1880 enim
1128 1842 1159 1878 si
1196 1854 1361 1891 praesens
1398 1840 1590 1886 adfuisses,
1626 1843 1678 1881 ita

91 1917 170 1946 tum
202 1908 292 1945 mihi
326 1908 475 1945 videbar
500 1915 624 1946 tecum
657 1910 831 1960 colloqui.
889 1907 1142 1958 Randolphus,
1171 1914 1371 1956 antequam
1406 1918 1478 1955 ego
1506 1907 1677 1951 redirem,

93 1974 233 2011 abierat
263 1973 301 2009 in
332 1973 496 2010 Gallias:
530 1973 654 2024 itaque
681 1987 753 2024 ego
778 1974 890 2010 miser
922 1973 1084 2023 privatus
1113 1985 1193 2008 suni
1228 1971 1327 2007 bona
1356 1975 1458 2020 parte
1487 1970 1678 2008 suavitatis

93 2046 182 2082 tuae,
213 2049 323 2087 quam
349 2043 389 2072 tu
414 2036 466 2072 illi
485 2050 651 2087 praesens
669 2038 848 2088 pra-senti
873 2037 993 2074 verbis
1013 2035 1352 2073 commemlaveras.
1411 2033 1555 2071 Literas
1574 2048 1676 2072 meas

95 2104 131 2140 in
157 2102 288 2139 itinere
313 2100 544 2138 intercidisse
571 2101 704 2138 video:
743 2115 832 2151 quas
862 2101 960 2138 enim
989 2114 1062 2150 ego
1089 2105 1238 2136 octavas
1263 2099 1450 2142 dederam,
1476 2112 1539 2135 eas
1568 2099 1676 2137 video

93 2167 139 2203 ad
168 2172 204 2202 te
228 2165 289 2202 vix
320 2164 466 2214 quintas
496 2165 716 2215 pervenisse.

174 2230 248 2266 ¹<cd
274 2229 319 2266 de
344 2229 542 2279 legatione,
561 2230 719 2279 inquieS,
740 2230 802 2266 illa
821 2236 942 2267 vestra
966 2229 1052 2280 quid
1071 2229 1220 2265 tandem
1239 2228 1376 2265 factum
1397 2233 1453 2264 est
1470 2228 1481 2263 ἶ
1536 2227 1677 2278 Accipe

93 2308 184 2343 ergo
203 2307 278 2331 uno
298 2294 424 2338 verbo,
452 2292 550 2343 quod
578 2292 668 2330 mihi
699 2293 888 2343 exploratu
914 2293 1136 2343 perlongum
1165 2293 1244 2329 fuit.
1302 2292 1515 2329 Invenimus
1542 2292 1677 2342 ubique

93 2359 237 2397 animos
263 2357 509 2394 multitudinis
534 2357 624 2395 satis
649 2370 853 2407 propensos
883 2358 929 2395 ad
953 2357 1199 2407 rcligionem3
1231 2356 1280 2393 ibi
1309 2356 1434 2399 ctiam,
1461 2356 1522 2393 ubi
1549 2359 1677 2395 onmia

92 2423 314 2473 putabantur
341 2421 420 2459 fore
451 2421 680 2459 difficillima.
738 2422 958 2459 Incredibile
985 2429 1108 2458 tamen
1136 2422 1235 2459 dictu
1264 2429 1332 2465 est,
1362 2421 1398 2457 in
1423 2420 1496 2456 illis
1516 2422 1677 2460 tenebris

95 2487 257 2524 Mariani
284 2486 462 2537 temporis
488 2492 623 2536 quanta
648 2486 782 2536 ubique
808 2487 1016 2537 proruperit
1041 2499 1150 2536 seges
1178 2492 1215 2522 et
1239 2485 1342 2534 sylva
1360 2484 1674 2534 superstitionum.

96 2551 311 2589 Invenimus
330 2550 469 2601 passim
493 2550 636 2587 votivas
659 2551 832 2601 reliquias
851 2551 1033 2595 divorum,
1059 2551 1197 2594 clavos,
1217 2550 1348 2600 quibus
1367 2549 1459 2586 fatui
1485 2548 1676 2587 Christum

92 2615 280 2654 confixum
300 2615 412 2652 fuisse
431 2615 678 2660 somniabant,
699 2622 737 2652 et
754 2615 879 2652 nescio
899 2628 990 2665 quas
1008 2615 1259 2665 portiunculas
1278 2627 1393 2651 sacrae
1414 2614 1545 2651 crucis.
1592 2614 1677 2652 Ma-

94 2693 223 2730 garum
243 2687 280 2717 et
297 2679 542 2717 veneficarum
562 2692 735 2717 numerus
754 2679 888 2731 ubique
917 2680 954 2717 in
974 2681 1199 2716 immensum
1219 2685 1442 2716 excreverat.
1491 2678 1676 2717 Ecclesiae

94 2743 322 2782 cathedrales
345 2743 437 2781 nihil
456 2744 555 2781 aliud
578 2750 681 2780 erant
709 2757 818 2794 quam
838 2744 1027 2794 speluncae
1052 2744 1250 2788 latronum,
1271 2749 1333 2780 aut
1351 2743 1380 2780 si
1405 2742 1494 2793 quid
1521 2743 1678 2793 nequius

93 2814 158 2846 aut
180 2808 315 2847 foedius
333 2809 407 2846 dici
430 2814 564 2859 potest.
621 2808 659 2845 Si
688 2808 775 2859 quid
802 2815 879 2845 erat
904 2809 1105 2845 obstinatae
1132 2807 1300 2851 malitize,
1322 2807 1358 2844 id
1384 2813 1505 2844 totum
1535 2814 1615 2844 erat
1640 2807 1675 2843 in

94 2873 330 2923 presbyteris,
363 2873 434 2910 illis
464 2872 686 2923 praesertim,
718 2871 780 2923 qui
816 2872 1013 2922 aliquando
1044 2872 1237 2909 stetissent
1266 2885 1289 2909 a
1317 2877 1445 2909 nostra
1474 2871 1675 2908 sententia.

95 2935 155 2974 Illi
185 2951 298 2983 nunc,
333 2937 457 2983 credo,
494 2951 539 2975 ne
574 2949 702 2988 parum
743 2937 970 2975 considerate
1008 2936 1203 2975 videantur
1240 2943 1400 2975 mutasse
1433 2936 1676 2980 voluntatem,
