1845 3233
113 131 198 172 162
282 143 490 170 JOHANNES
524 142 816 168 PARKHURSTUS
847 141 903 167 AD
934 141 1149 168 HENRICUM
1180 142 1483 168 BULLINGERUM.
1556 124 1700 180 [EPIST.

680 276 981 318 EPISTOLA
1012 276 1131 320 CVI.

185 457 444 489 JOHANNES
475 457 830 490 PARKHURSTUs
859 460 928 491 AD
958 458 1220 491 HENRICUM
1252 456 1629 489 BULLINGERUM.

193 532 553 569 PuLanRmmAm
583 533 864 585 piissimamque
890 540 995 572 tuam
1027 533 1342 579 adhortationem,
1372 547 1447 571 una
1472 546 1558 571 cum
1585 530 1704 569 literis

113 596 161 633 ad
190 609 250 633 me
275 596 299 633 J
303 596 516 647 uellumque
543 597 705 647 scriptis,
734 601 784 635 23
811 598 908 636 Maii
934 599 1074 649 accepi.
1130 597 1153 635 J
1158 597 1243 634 uelli
1265 597 1404 644 literas,
1430 598 1516 649 quia
1540 597 1573 634 is
1603 595 1706 647 prius

112 661 200 698 fatis
230 666 481 706 concesserat,
511 662 611 711 apud
638 674 699 699 me
726 663 877 700 retinui.

192 724 343 774 Regina
374 723 516 761 Scotiae
548 724 671 762 adhuc
703 727 801 776 apud
833 739 903 764 nos
934 732 1073 763 manet.
1131 725 1393 776 Superioribus
1418 725 1582 764 comitiis
1610 723 1705 761 mul-

113 795 193 826 tum
231 788 301 825 sibi
333 788 551 833 metuebat3
595 802 666 827 nec
697 789 886 827 immerito
918 790 1091 840 quidem:
1130 803 1218 827 nam
1251 790 1323 827 nisi
1361 790 1524 840 Reginae
1560 794 1704 826 nostrae

113 853 278 890 maxima
311 852 511 889 clementia
543 853 765 900 obstitisset,
799 860 924 891 actum
962 854 1008 891 de
1046 867 1090 891 ea
1123 854 1264 892 fuisset.
1332 854 1434 899 Quid
1465 854 1511 891 de
1543 853 1607 890 illa
1639 852 1705 889 fiet

112 917 293 968 proximis
330 916 505 962 comitiis,
545 916 663 954 adhuc
699 918 863 956 incertus
901 930 995 955 sum.
1068 917 1183 955 Certe
1217 918 1465 969 paucissimos
1500 917 1598 968 apud
1634 928 1706 953 nos

113 981 227 1019 habet
263 980 417 1018 amicos.
484 980 536 1018 Et
568 981 655 1031 quid
692 981 859 1020 mirum?
907 995 993 1019 cum
1024 987 1155 1020 nostro
1190 982 1344 1020 inhiarit
1376 996 1508 1033 regno,
1544 986 1582 1018 et
1619 992 1704 1018 cum

112 1051 172 1083 tot
198 1045 390 1095 tantisque
418 1045 576 1095 flagitiis
608 1045 657 1083 sit
684 1052 931 1097 conspurcata
959 1052 997 1083 et
1025 1046 1132 1096 quasi
1160 1053 1348 1098 cooperta.

191 1109 325 1147 Tribus
353 1109 532 1159 litigiosis
562 1110 891 1148 concionatoribus
919 1110 1007 1148 hinc
1037 1111 1212 1157 exclusis,
1243 1124 1390 1148 summa
1419 1111 1524 1162 quies
1552 1115 1591 1147 et
1617 1122 1705 1148 eon—

114 1173 239 1211 cordia
270 1173 309 1210 in
344 1173 501 1210 ecelesia
535 1173 919 1224 Belgio-Germanica
945 1175 1061 1224 viget.
1124 1174 1338 1225 Responsio
1363 1180 1428 1212 tua
1453 1175 1499 1212 ad
1531 1174 1706 1212 articulos

114 1237 317 1276 Bavaricos
344 1237 383 1274 in
406 1236 611 1287 Anglicam
630 1237 801 1288 linguam
828 1251 1008 1276 conversa
1028 1244 1097 1284 est,
1117 1245 1155 1275 et
1173 1239 1341 1276 omnium
1360 1239 1535 1276 manibus
1562 1237 1704 1275 teritur.

114 1302 221 1339 Alias
252 1302 380 1339 literas
413 1301 480 1338 abs
514 1307 551 1338 te
584 1303 712 1353 accepi
747 1305 795 1339 10
826 1302 1059 1348 Decembris,
1096 1302 1136 1339 in
1166 1303 1298 1353 quibus
1331 1304 1475 1349 scribis,
1508 1303 1705 1353 ingentem

111 1367 314 1404 tumultum
347 1365 386 1403 in
417 1365 555 1403 Rhetia
585 1367 800 1404 excitatum.
868 1366 1079 1418 Antiquum
1109 1367 1256 1405 obtinet
1285 1381 1395 1418 papa,
1430 1367 1493 1419 qui
1522 1366 1633 1418 liujus
1667 1372 1706 1404 et

112 1431 279 1469 omnium
314 1430 472 1467 aliorum
502 1431 684 1468 scelerum
718 1437 775 1468 est
806 1438 948 1470 auctor.
1005 1432 1079 1470 Sed
1111 1432 1208 1469 bene
1241 1438 1311 1478 est,
1346 1433 1444 1482 quod
1475 1443 1623 1469 rursum
1656 1431 1705 1468 sit

113 1496 264 1533 sedatus
292 1499 413 1531 morte
448 1495 728 1544 papisticissimi
760 1496 968 1541 nebulonis,
1005 1496 1066 1547 qui
1096 1496 1311 1547 papismum
1339 1497 1516 1533 reducere
1550 1500 1706 1533 conatus

113 1561 172 1597 sit.
218 1559 395 1596 Calendis
418 1557 558 1608 Aprilis
578 1559 817 1596 celeberrima
840 1565 970 1598 nostra
989 1560 1143 1598 comitia
1162 1560 1311 1598 initium
1331 1560 1533 1598 habebunt..
1582 1559 1703 1596 Hisce

113 1629 202 1661 octo
235 1622 535 1659 hebdomadibus
569 1622 656 1672 gelu
686 1628 724 1659 61
757 1623 863 1660 nives
895 1623 1171 1668 continuarunt,
1205 1630 1243 1661 et
1271 1637 1354 1661 raro
1387 1624 1591 1661 admodum
1620 1628 1704 1660 toto

111 1688 185 1725 hoc
213 1693 382 1736 tempore
409 1699 447 1722 se
473 1686 774 1724 intermiserunt:
812 1688 878 1724 sed
911 1688 991 1738 jam
1022 1693 1262 1725 evanuerunt.
1312 1688 1413 1726 Laus
1445 1688 1530 1725 Deo
1559 1687 1704 1739 optimo

111 1751 299 1788 maximo!

191 1815 299 1860 Vale,
329 1814 469 1865 optime
506 1815 735 1865 Bullingere.
794 1815 922 1853 Saluta
953 1829 1039 1854 meo
1069 1817 1222 1854 nomine
1254 1822 1339 1853 tuos
1368 1821 1526 1866 tuasque
1559 1828 1703 1860 omnes,

112 1886 152 1917 et
183 1892 314 1916 omnes
346 1879 488 1916 amicos
523 1893 626 1917 meos
659 1880 874 1930 TigurinOS.
945 1881 1052 1919 Uxor
1083 1894 1168 1918 mea
1196 1881 1275 1931 jam
1311 1880 1517 1930 podagrica
1550 1885 1600 1929 te,
1636 1893 1704 1918 vos

113 1956 261 1994 quoque
289 1956 422 1981 omnes
450 1944 597 1982 salutat.
647 1944 813 1994 Raptim.
870 1945 1108 1990 Ludhamiae,
1129 1947 1179 1981 ΞΟ
1199 1944 1383 1990 Januarii,
1406 1946 1520 1981 1573.

730 2024 832 2062 Tuus
863 2038 910 2062 cx
938 2026 1076 2071 animo,

887 2099 1180 2139 JOHANNES
1214 2099 1626 2145 PARKHURSTUS‚
1655 2098 1704 2137 N.

380 2176 638 2201 INSCRIPTIO.

196 2229 419 2266 Clarissimo
450 2231 544 2274 viro,
574 2229 623 2265 D.
646 2229 815 2265 Henrico

246 2293 484 2341 Bullingero.
540 2293 689 2341 Tiguri.

662 2518 963 2561 EPISTOLA
1009 2520 1153 2562 CVII.

293 2679 539 2712 RICARDUS
569 2683 724 2714 COXUS
754 2685 823 2715 AD
854 2685 1167 2717 RODOLPHUM
1200 2686 1520 2718 GUALTERUM.

193 2753 378 2791 Annivm:
406 2762 494 2793 sunt
519 2758 565 2794 ad
589 2771 651 2795 me
683 2760 862 2810 superiori
888 2767 1024 2799 aestate
1050 2762 1150 2799 binae
1174 2768 1252 2800 tuae
1279 2762 1411 2807 literae,
1438 2762 1637 2812 Rodolphe
1661 2763 1701 2801 in

113 2816 266 2854 Christo
284 2818 539 2866 dilectissime,
559 2835 652 2872 quas
681 2836 758 2860 non
779 2825 861 2862 sine
887 2838 1028 2876 magno
1053 2827 1170 2863 animi
1197 2827 1336 2876 gaudio
1355 2827 1495 2877 accepi.
1551 2826 1702 2865 Priores

109 2893 198 2918 vero
223 2882 415 2931 ingentem
440 2884 493 2933 pii
512 2886 676 2935 pectoris
694 2889 896 2926 candorem
913 2890 1148 2927 declararunt
1167 2905 1175 2935 3
1209 2903 1293 2928 raro
1313 2892 1414 2928 enim
1434 2891 1617 2936 invenias,
1638 2891 1703 2941 qui

108 2958 154 2984 ea
185 2945 300 2984 animi
325 2946 538 2986 sinceritate
560 2951 713 3000 praediti
743 2959 840 2999 sunt,
865 2959 906 2992 ut
935 2954 1046 2992 amici
1072 2956 1218 2993 monita
1246 2955 1349 3005 aequi
1373 2955 1463 2993 boni
1489 2954 1699 2993 consulant.
