1845 3233
184 159 268 198 108
323 171 420 197 EDM.
443 169 705 205 GRINDALLUS,
731 169 816 196 ETc.
840 169 895 194 AD
917 168 1129 195 HENmCUM
1154 167 1455 202 BULLJNGERUM,
1479 167 1562 192 ero.
1618 151 1761 208 [emsr.

180 287 381 325 incolumes
400 290 613 335 vestrasque
628 284 803 322 ecclesias
824 284 862 321 in
883 297 975 334 pace
991 296 1101 333 quam
1120 282 1329 321 diutissime
1344 287 1550 320 conservet.
1598 281 1764 319 Salutate

182 356 310 388 nostro
326 348 477 385 nomine
495 348 627 385 fratres
645 354 684 384 at
703 353 930 398 symmystas
946 346 1147 396 Tigurinos
1166 359 1309 384 omnes.

260 411 434 456 Londini,
464 413 487 447 6
503 411 625 456 Febr.,
652 411 767 448 Anno
797 410 952 448 Domini
984 412 1097 447 1567.

857 491 1030 528 Vestrum
1060 490 1229 527 omnium
1256 489 1447 527 amantiss.

1175 575 1308 613 EDM.
1339 574 1584 613 LONDON.

1172 639 1294 678 ROB.
1323 638 1562 678 WINTON.

257 754 298 794 P.
315 754 350 792 S.
407 753 572 791 Obsecro
590 759 627 790 et
645 766 719 804 ego
734 766 814 799 vos,
833 753 964 791 fratres
978 753 1070 791 mihi
1086 754 1286 804 plurimum
1306 753 1540 799 observandi,
1561 752 1768 804 ignoscatis

176 818 266 856 mihi
299 818 397 869 quod
427 818 543 855 literis
572 817 715 863 vestris,
741 817 790 854 ad
821 830 882 855 me
910 818 1084 868 privatim
1115 818 1275 868 scriptis,
1300 816 1483 855 hactenus
1506 831 1584 855 non
1612 830 1767 868 respon-

176 883 303 925 derim,
332 895 401 920 nec
433 895 500 932 pro
531 881 758 919 doctissimis
782 881 917 919 vestris
940 881 1222 920 commentariis
1248 881 1292 919 ad
1326 894 1388 919 me
1413 881 1643 919 transmissis
1670 881 1765 919 ullas

174 947 355 984 hactenus
385 946 525 996 gratias
554 945 755 984 retulerim.
811 945 946 996 Neque
975 946 1067 983 mihi
1097 946 1190 983 illud
1215 946 1339 996 ipsum
1364 945 1456 983 vitio
1484 951 1629 982 vertant
1654 945 1765 983 Wol-

175 1011 255 1048 vius
284 1016 321 1047 et
352 1010 568 1055 Lavaterus,
598 1023 708 1060 quOS,
737 1023 883 1060 quaeso,
915 1023 1001 1047 meo
1030 1010 1184 1047 nomine
1208 1009 1409 1060 plurimum
1438 1010 1609 1055 salutate,
1637 1016 1675 1046 et
1702 1022 1763 1047 me

174 1075 272 1125 apud
307 1074 390 1111 illos
428 1080 615 1111 excusate.
672 1074 758 1112 Scio
785 1074 884 1111 enim
914 1074 1027 1112 officii
1055 1074 1130 1112 mei
1159 1075 1345 1112 rationem
1369 1074 1442 1112 hoc
1468 1075 1591 1125 ipsum
1622 1074 1765 1125 efflagi-

173 1146 270 1176 tasse
288 1153 296 1184 ;
326 1145 363 1175 et
380 1151 446 1176 vos
471 1138 628 1189 illosque
654 1152 758 1176 meas
777 1138 903 1176 literas
923 1138 1154 1176 desiderasse
1173 1153 1251 1177 non
1272 1139 1413 1178 dubito.
1471 1139 1643 1177 Efficiam
1661 1145 1765 1190 post-

173 1204 256 1249 hac,
291 1202 487 1240 scribendo
515 1215 582 1240 vos
608 1216 738 1240 omnes
766 1204 952 1253 expleam,
980 1209 1018 1240 et
1045 1203 1169 1241 officio
1193 1216 1271 1241 non
1296 1203 1415 1241 desim
1442 1216 1540 1241 meo.
1598 1203 1764 1241 Salutem

173 1267 283 1304 etiam
311 1280 333 1304 a
351 1280 411 1303 me
431 1266 561 1312 dicite,
585 1279 665 1312 oro,
687 1266 736 1304 D.
764 1267 938 1313 Simlero,
965 1267 1158 1318 Zuinglio,
1189 1266 1357 1307 Hallero.
1413 1267 1538 1307 vivite
1563 1280 1694 1305 omnes
1721 1279 1764 1305 ac

175 1331 289 1368 valete
318 1330 356 1368 in
386 1329 553 1367 Christo.

897 1406 1015 1445 Totus
1042 1412 1177 1454 vester,

1104 1495 1389 1534 ROBERTUS
1418 1495 1643 1535 WINTON

537 1558 795 1585 JNSCRJPTIO.

256 1612 442 1648 Ornatiss.
462 1612 553 1648 viris
572 1609 627 1649 D.
643 1612 811 1649 Hem-ico
827 1610 1052 1661 Bullingero
1074 1617 1109 1650 et

305 1675 352 1711 D.
383 1675 699 1720 Rod.G11alcero,
729 1676 928 1725 Tigurinae
956 1677 1114 1713 ecclesiae

300 1741 521 1788 pastoribus
535 1741 702 1791 fideliss,

678 1957 978 1999 EPISTOLA.
1021 1956 1247 1998 LXXVI.

263 2126 532 2157 EDMUNDUS
562 2127 877 2157 GRINDALLUS
906 2127 975 2157 AD
1005 2124 1265 2157 HENRICUM
1298 2122 1674 2156 BULLINGERUM.

252 2204 383 2240 SALUS
418 2203 456 2239 in
493 2203 659 2248 Christo,
697 2204 900 2242 clar1ssime
939 2204 986 2241 D.
1022 2203 1255 2253 Bullingere,
1293 2215 1336 2239 ac
1371 2201 1483 2239 frater
1526 2201 1564 2238 in
1607 2199 1761 2238 Christo

173 2266 381 2304 carissime!
433 2268 547 2312 Quod
585 2274 724 2318 praeter
756 2281 976 2306 comumnes
1008 2268 1090 2305 illas
1121 2267 1248 2304 literas
1278 2265 1450 2317 privatim
1478 2265 1592 2303 etiam
1625 2265 1673 2302 ad
1700 2277 1760 2302 me

170 2330 366 2380 scripsisti,
392 2332 531 2381 gratias
554 2345 638 2381 ago.
686 2332 761 2370 Sed
786 2345 863 2370 non
893 2338 963 2378 est,
992 2345 1059 2371 cur
1085 2337 1126 2369 tu
1153 2331 1245 2368 mihi
1273 2330 1414 2381 gratias
1442 2343 1574 2380 ageres
1600 2335 1679 2366 tam
1703 2328 1758 2366 di-

172 2393 342 2443 ligenter,
375 2395 475 2445 quod
509 2396 664 2445 saepius,
695 2396 805 2447 idque
835 2410 913 2434 non
945 2397 1144 2442 illibenter,
1171 2395 1418 2433 honorificam
1445 2395 1501 2432 tui
1526 2393 1760 2432 mentionem

172 2457 315 2494 faciam.
364 2458 478 2496 Facio
505 2459 606 2495 enim
632 2459 704 2496 hoc
729 2460 865 2498 merito
890 2466 970 2506 tuo,
996 2474 1109 2511 quum
1138 2473 1217 2498 non
1246 2459 1317 2497 sim
1343 2458 1493 2497 nescius
1517 2463 1697 2509 quantum
1721 2463 1760 2495 et

174 2520 379 2559 ministerio
412 2529 450 2559 et
477 2522 624 2573 scriptis
653 2524 825 2561 ecclesiae
854 2524 1045 2574 profueris,
1076 2530 1115 2562 et
1143 2523 1264 2561 adhuc
1293 2523 1472 2574 prodesse
1501 2534 1578 2559 non
1609 2520 1763 2558 desinis.

177 2583 263 2621 Hoc
290 2585 400 2622 etiam
428 2586 599 2636 privatim
626 2587 693 2624 tibi
721 2588 853 2633 debeo,
877 2589 978 2639 quod
1004 2594 1093 2626 ante
1121 2602 1240 2626 annos
1267 2588 1351 2639 plus
1375 2587 1499 2624 minus
1525 2586 1660 2636 viginti
1685 2585 1761 2623 lec·

175 2646 277 2684 tione
318 2648 399 2685 libri
437 2650 491 2686 tui
526 2650 572 2687 de
607 2650 767 2701 Origine
807 2653 940 2690 erroris
968 2653 1128 2703 primum
1159 2652 1343 2690 excitatus
1374 2664 1456 2689 sum
1484 2650 1532 2688 ad
1558 2662 1685 2688 veram
1716 2649 1763 2687 de

173 2723 284 2746 coena
321 2711 473 2748 Domini
508 2714 732 2752 sententiam
768 2715 1080 2766 amplectendam,
1114 2729 1227 2767 quum
1264 2721 1374 2753 antea
1407 2714 1573 2753 Luthero
1607 2713 1758 2751 fuissem

171 2772 353 2811 addictus.
409 2775 573 2826 [Equum
608 2784 664 2815 cst
696 2778 824 2828 igitur,
856 2786 897 2816 ut
925 2780 1030 2818 illum
1059 2781 1194 2825 colam,
1221 2793 1289 2830 per
1316 2792 1427 2830 quem
1455 2778 1609 2830 profeci.

256 2837 357 2875 Haec
382 2839 481 2876 volui
507 2841 632 2890 paucis
660 2843 707 2879 ad
735 2843 861 2880 literas
889 2849 972 2881 tuas
1000 2845 1238 2895 respondere,
1268 2856 1354 2894 quae
1377 2842 1468 2880 mihi
1493 2848 1598 2880 erant
1625 2840 1758 2891 gratis-

175 2900 295 2938 simoe.
349 2901 394 2939 In
427 2903 553 2941 Scotia
585 2906 755 2943 ecclesiae
784 2907 978 2957 aliquanto
1012 2908 1166 2946 meliore
1197 2909 1237 2945 in
1266 2907 1484 2945 conditione
1515 2912 1615 2953 sunt,
1646 2918 1757 2957 quam

175 2977 284 3015 quum
306 2966 474 3015 proxime
502 2968 547 3006 ad
576 2974 613 3006 te
639 2970 865 3016 scribebam;
890 2972 955 3010 sed
979 2972 1060 3023 ipsa
1086 2972 1227 3011 Scotiae
1255 2971 1402 3022 Regina
1424 2984 1500 3009 non
1528 2977 1650 3010 mutat
1672 2985 1759 3022 sen—
