1845 3233
162 126 217 171 74
425 139 629 166 JOHANNES
659 138 827 164 JUELLUS
861 137 914 162 AD
949 135 1156 161 HENRICUM
1188 134 1486 162 BULLINGERUM.
1576 119 1716 175 [EPIST-

238 251 412 290 Intcritus
431 251 582 288 Guisani
603 249 818 293 Pharaonis,
840 261 949 298 quem
968 247 1149 284 hodierno
1167 247 1226 284 die
1249 259 1316 297 pro
1338 246 1528 296 explorato
1554 252 1591 283 et
1615 253 1718 284 certo

163 316 372 366 accipimus,
399 314 504 351 crede
523 313 623 358 mihi,
643 313 816 350 intimum
835 311 926 348 mihi
944 311 1108 348 animum
1134 316 1172 347 et
1196 315 1326 360 pectus
1344 309 1510 360 perculit.
1566 310 1625 347 Ita
1641 316 1719 347 erat

162 379 384 430 repentinus,
411 377 462 414 ita
488 383 727 427 opportunus,
751 377 802 413 ita
826 375 979 420 faustus,
1008 374 1060 410 ita
1083 386 1229 411 omnem
1259 386 1363 424 spem
1391 379 1502 424 atque
1527 379 1718 424 exspecta-

160 444 298 480 tionem
335 447 494 478 nostram
533 442 736 491 superabat.
806 439 908 483 Quid
942 451 1040 475 nunc
1071 437 1186 474 animi
1216 443 1390 488 putemus
1428 450 1509 475 esse
1548 437 1718 475 fratribus

162 506 318 549 nostris;
349 518 440 555 quos
466 505 527 541 illa
553 505 671 541 bestia
696 505 774 553 jam
801 503 966 540 cinxerat
994 501 1198 545 obsidione,
1226 514 1391 551 quosque
1420 514 1483 552 spe
1512 507 1550 538 et
1578 501 1717 551 cogita-

161 571 259 607 tione
287 581 400 621 prope
422 569 498 618 jam
525 569 686 605 cruentis
717 567 884 604 faucibus
909 565 1127 603 devorarat?
1181 565 1238 603 Sit
1263 578 1399 602 nomen
1427 565 1580 603 Domini
1608 566 1717 602 bene-

162 634 310 672 dictum.
367 631 546 669 Chattilio
564 644 660 668 nunc
684 636 878 681 oppugnat
896 642 1017 666 arcem
1036 628 1259 674 Canensem,
1284 635 1322 666 et
1346 629 1476 667 crescit
1493 629 1532 665 in
1550 629 1650 674 dies;
1681 634 1719 665 et

160 711 241 747 spes
268 697 364 734 bona
394 701 449 733 est
476 695 697 732 adversarios
724 699 896 731 venturos
927 693 973 730 ad
1001 693 1232 730 conditiones
1259 699 1417 738 nostras,
1448 698 1485 730 et
1511 693 1636 730 onmia
1667 693 1719 729 ita

159 761 279 798 futura
306 767 346 797 ut
372 760 548 797 volumus.
606 758 753 808 Regina
779 764 905 795 nostra
938 756 1082 807 colligit
1113 756 1268 794 militem
1300 771 1320 794 c
1354 757 1562 802 Germania,
1591 763 1629 794 et
1654 757 1718 793 dat

159 824 392 874 stipendium,
411 829 447 860 et
466 822 557 859 nihil
574 822 692 872 parcit
710 821 927 871 sumptibus.
975 821 1056 859 Nos
1074 820 1147 858 hoc
1164 827 1329 871 tempore
1348 827 1552 859 conventus
1571 821 1718 872 agimus

157 888 270 924 totius
296 886 415 937 regni,
444 891 480 923 et
508 886 552 922 de
581 885 759 935 religione
789 885 959 922 secundis
984 884 1117 921 animis
1140 890 1352 929 tractamus,
1375 885 1494 935 deque
1516 885 1715 935 republica,

158 957 195 987 et
224 951 269 987 dc
299 950 417 987 nervis
442 949 632 994 bellorum,
661 948 732 986 hoc
765 953 833 993 est,
866 947 910 985 de
941 948 1109 998 pecunia.

234 1015 266 1052 E
299 1014 422 1051 Scotia
453 1013 674 1050 nunciantur
698 1018 795 1049 recte
823 1012 959 1048 onmia.
1017 1011 1165 1062 Regina
1189 1025 1282 1062 pene
1308 1012 1387 1049 sola
1417 1018 1455 1049 et
1478 1011 1716 1062 pertinaciam

156 1078 269 1115 animi
288 1078 503 1115 Guisianam
522 1083 559 1114 et
577 1076 729 1113 missam
747 1089 852 1113 suam
875 1076 1022 1121 retinet,
1043 1075 1165 1113 invitis
1190 1076 1374 1113 omnibus.
1429 1076 1564 1114 Nostra
1584 1076 1716 1126 regina

157 1142 330 1191 superiori
365 1147 540 1178 autumno
572 1139 746 1177 laboravit
778 1153 798 1176 e
827 1140 987 1185 variolis,
1022 1140 1111 1177 satis
1146 1153 1229 1177 cum
1266 1141 1441 1191 periculo.
1509 1141 1715 1191 Impatiens

158 1211 273 1243 aestus
297 1212 334 1243 et
357 1205 462 1242 taedii
489 1217 527 1241 se
555 1204 674 1255 ipsam
699 1217 792 1255 pene
817 1204 1035 1254 perdiderat.
1092 1205 1165 1242 Sed
1189 1205 1334 1255 agimus
1364 1205 1448 1242 Deo
1478 1205 1628 1255 gratias,
1654 1205 1717 1255 qui

157 1276 194 1306 et
223 1269 320 1306 illam
352 1268 514 1320 periculo
548 1268 714 1306 liberavit
741 1274 777 1305 et
804 1282 873 1305 nos
900 1274 1012 1306 metu.
1080 1269 1180 1314 Quid
1213 1269 1391 1319 paterculi
1423 1268 1476 1306 illi
1502 1269 1610 1306 vestri
1636 1269 1716 1306 Tri-

155 1334 293 1370 dentini
321 1339 357 1370 et
383 1347 478 1383 papa
509 1332 731 1384 hydropicus
758 1332 975 1383 parturiant,
1000 1332 1092 1370 nihil
1119 1333 1302 1370 audimus.
1358 1333 1529 1371 Fortasse
1557 1333 1716 1384 Spiritus

154 1404 300 1435 sanctus
329 1397 455 1435 adesse
482 1411 558 1434 non
590 1398 679 1442 vult,
715 1404 777 1434 aut
810 1397 877 1434 fari
909 1410 984 1434 non
1016 1403 1152 1447 potest.
1223 1397 1413 1448 Quicquid
1442 1403 1510 1443 est,
1539 1402 1644 1435 tanto
1676 1398 1714 1434 in

155 1467 348 1506 conventu,
374 1467 477 1498 tanta
503 1462 790 1512 exspectatione,
817 1460 907 1498 nihil
935 1461 998 1511 agi
1023 1462 1155 1498 mirum
1184 1468 1250 1498 est.

232 1526 316 1576 Ego
340 1532 424 1575 post
451 1525 650 1575 superioris
679 1525 821 1562 testatis
849 1532 958 1577 atque
987 1525 1097 1576 hujus
1119 1525 1264 1576 hyemis
1288 1525 1556 1576 intemperiem,
1586 1532 1622 1562 et
1651 1526 1715 1562 ali-

155 1595 244 1640 quot
277 1590 413 1626 dierum
452 1603 615 1640 spasmos
651 1595 688 1626 ct
725 1589 922 1634 catarrhos,
962 1590 1042 1639 jam
1082 1591 1233 1627 tandem
1272 1590 1410 1640 incipio
1448 1589 1712 1627 convalescere.

156 1654 297 1703 Scripta
325 1653 372 1690 D.
394 1653 434 1689 P.
457 1654 630 1704 Martyris
657 1667 704 1691 nc
731 1653 923 1699 intereant,
954 1667 1029 1691 non
1059 1654 1189 1692 dubito
1216 1655 1283 1691 tibi
1310 1667 1410 1692 curae
1439 1654 1540 1691 fore:
1575 1667 1715 1704 magno

155 1717 207 1754 illi
234 1717 310 1754 viro
337 1718 591 1759 constiterunt,
626 1723 662 1754 et
688 1717 801 1767 digna
834 1723 932 1763 sunt,
960 1723 1000 1754 ut
1027 1718 1106 1761 scis,
1136 1732 1222 1768 quae
1252 1718 1381 1768 magni
1405 1719 1508 1755 fiant.

231 1781 333 1826 Vale,
363 1782 418 1818 vir
444 1782 686 1825 ornatissime,
720 1788 756 1818 et
787 1781 897 1818 frater
925 1795 968 1819 ac
1005 1782 1155 1819 domine
1185 1783 1223 1819 in
1253 1782 1404 1820 Christo
1441 1782 1711 1820 colendissimo.

153 1844 277 1882 Saluta
295 1845 472 1896 optimam
491 1845 589 1883 illam
608 1846 810 1891 mulierem,
833 1859 986 1883 uxorem
1006 1853 1122 1891 tuam,
1142 1847 1249 1891 filios,
1269 1859 1394 1892 nurus,
1416 1847 1465 1884 D.
1485 1846 1713 1891 Gualterum,

153 1908 202 1946 D.
224 1909 427 1955 Simlerum,
459 1910 506 1946 D.
528 1910 758 1955 Lavaterum,
786 1910 831 1947 D.
853 1910 1083 1961 Zuinglium,
1109 1911 1157 1948 D.
1178 1911 1384 1956 W'ickium,
1416 1911 1464 1950 D.
1484 1911 1712 1961 VVolphium,

155 1973 201 2010 D.
225 1973 429 2018 Hallerum,
450 1974 497 2010 D.
517 1973 733 2019 Gesnerum,
761 1975 807 2011 D.
829 1975 1000 2020 Frisium,
1019 1988 1103 2012 meo
1126 1975 1290 2013 nomine.
1348 1976 1533 2013 Dominus
1552 1981 1589 2012 te
1607 1976 1714 2013 nobis

153 2036 214 2074 diu
246 2042 362 2074 servet
393 2038 532 2074 salvum
564 2043 601 2075 ct
629 2038 876 2076 incolumem!
910 2042 931 2075 5
961 2039 1103 2084 Martii,
1136 2041 1247 2077 1563.

925 2115 1026 2152 Tuus
1054 2115 1093 2152 in
1123 2114 1274 2152 Christo
1299 2115 1411 2152 frater
1437 2121 1474 2152 et

1026 2195 1092 2227 tuo
1120 2190 1262 2227 nomini
1291 2190 1554 2236 deditissimus,

1305 2267 1380 2305 JO.
1408 2267 1657 2306 JUELLUS.

713 2465 1009 2509 EPISTOLA
1049 2469 1144 2512 LV.

383 2663 632 2697 JOHANNES
660 2666 868 2698 JUELLUS
898 2669 966 2699 AD
994 2669 1171 2701 ‚JOSIAM
1203 2670 1472 2702 SIMLERUM.

233 2735 476 2774 Scamnum
503 2741 548 2777 ad
572 2748 609 2778 te
636 2756 793 2793 quoque,
821 2744 872 2780 mi
899 2746 1016 2791 Josia,
1044 2747 1116 2784 nisi
1145 2760 1202 2784 me
1230 2747 1495 2797 occupationes
1524 2759 1619 2784 meae
1642 2747 1710 2784 im-

154 2798 329 2848 pedirent.
382 2801 517 2839 Verum
546 2817 627 2849 nos,
659 2812 700 2843 ut
731 2807 838 2852 scias,
868 2807 938 2846 hoc
969 2815 1135 2860 tempore
1166 2816 1369 2848 conventus
1404 2810 1563 2860 agimus,
1597 2816 1634 2848 et
1663 2811 1709 2848 de

151 2861 342 2911 religione,
372 2864 417 2901 de
448 2868 643 2916 republica,
673 2869 719 2906 de
749 2883 838 2920 pace
870 2871 1036 2922 belloque
1070 2873 1324 2911 deliberamus.
1381 2874 1467 2924 Ego
1499 2887 1585 2911 vero
1615 2875 1711 2912 inter

150 2925 238 2962 istos
277 2933 388 2964 aestus
422 2929 492 2966 etsi
528 2931 600 2968 mei
635 2932 749 2982 ipsius
784 2935 995 2973 meminisse
1031 2937 1093 2974 vix
1124 2951 1288 2988 possum,
1318 2944 1444 2976 tamen
1480 2938 1598 2976 Josiae
1635 2938 1709 2975 mei
