1845 3233
161 131 309 190 cxx11.]
364 149 612 177 LAURENTIUS
643 150 886 178 HUMFREDUS
920 152 974 178 AD
1005 152 1244 179 RODOLPHUM
1277 154 1536 181 GuleTERUM.
1638 142 1720 183 183

161 281 198 312 et
230 276 342 314 soluti
375 290 512 322 sumus,
546 283 587 316 ut
615 279 779 329 quotidie
813 279 950 316 divinae
986 279 1052 317 irae
1088 279 1256 317 flammas
1288 280 1492 318 accendere
1524 280 1723 318 videamur.

159 340 313 378 Avertat
342 341 527 379 Dominus
550 342 659 380 Jesus
686 355 796 380 omne
825 343 977 388 malum,
1004 343 1267 382 misericordiae
1291 357 1385 389 suae,
1410 358 1486 382 non
1514 351 1722 383 nostrorum

160 405 387 451 meritorum,
409 419 573 451 memor;
595 407 787 444 ecelesiam
806 414 966 445 vestram
985 413 1191 453 conservet,
1210 414 1332 459 patres
1356 414 1393 446 et
1416 410 1547 447 fratres
1573 415 1722 447 nostros

160 469 208 507 D.
232 469 500 521 Bullingerum,
530 470 736 517 Simlerum,
768 471 989 510 Lavaterum
1022 478 1060 509 et
1090 472 1196 518 alios,
1221 478 1329 524 teque
1356 486 1439 511 cum
1466 480 1530 512 tua
1556 473 1719 511 familia!

161 533 322 585 Raptim.
370 534 547 581 Oxoniae,
576 536 736 574 secunda
763 535 937 586 Augusti,
968 538 1080 573 1574.

833 615 947 662 Tuus,

998 679 1340 722 LAURENTIUS
1374 683 1722 726 HUMFREDUS.

495 759 756 786 INSGRIPTIO.

237 815 445 852 Reverendo
464 816 505 852 in
524 813 675 853 Christo
690 815 801 864 patri
819 817 852 850 et
859 813 988 865 fratri

287 880 335 916 D.
355 880 452 918 Rod.
475 880 666 917 Gualtero.
725 878 869 926 Tiguri.

667 1102 964 1144 EPISTOLA
1005 1103 1228 1147 CXXIII.

335 1245 560 1278 EDWINUS
589 1246 774 1278 SANDUS
804 1248 873 1278 AD
902 1247 1159 1280 HENRICUM
1189 1246 1554 1279 BULLINGERUM.

234 1312 435 1350 SALUTEM
460 1310 655 1362 plurimam
681 1311 720 1349 in
747 1311 914 1360 Christo,
936 1312 1195 1351 colendissime
1214 1312 1269 1351 vir
1287 1319 1324 1350 et
1341 1314 1546 1352 venerande
1566 1316 1693 1365 pater!

234 1376 346 1422 Quod
377 1381 453 1412 tam
480 1375 678 1426 diligenter
703 1382 853 1428 tamque
883 1383 1050 1415 amanter
1076 1377 1124 1414 ad
1148 1390 1209 1414 me
1238 1378 1394 1415 scribere
1421 1377 1583 1424 voluisti,
1612 1392 1722 1429 quam

154 1441 333 1479 maximas
364 1439 483 1477 habeo
516 1439 584 1477 tibi
614 1440 762 1490 gratias.
829 1441 978 1480 Gratius
1010 1442 1145 1493 quippe
1176 1440 1270 1479 nihil
1297 1440 1388 1478 mihi
1415 1455 1495 1479 esse
1526 1443 1719 1493 potuisset,

154 1518 265 1557 quam
294 1510 394 1541 tuam
421 1504 466 1541 de
488 1503 625 1541 nostris
654 1505 913 1544 controversiis
940 1505 1147 1555 intelligere
1176 1505 1409 1543 sententiam.
1468 1506 1570 1551 Quid
1597 1512 1721 1545 autem

153 1571 233 1622 ipse
259 1568 373 1607 sentis
397 1569 442 1607 de
469 1573 550 1606 toto
568 1569 737 1619 negotio,
761 1570 972 1620 plenissime
998 1570 1148 1616 scribis3
1176 1569 1283 1608 video
1312 1576 1350 1608 et
1374 1571 1586 1621 amplector.
1636 1572 1721 1622 Ego

154 1641 279 1673 autem
316 1647 435 1686 spero,
475 1646 612 1671 novum
649 1632 718 1671 hoc
756 1634 958 1672 aedificium
993 1647 1104 1672 novae
1143 1634 1351 1685 disciplinae
1388 1635 1487 1673 brevi
1524 1649 1590 1673 sua
1623 1637 1721 1674 mole

153 1700 344 1745 ruiturum,
388 1698 533 1749 quando
579 1703 727 1735 constat
755 1698 893 1736 multos
924 1699 1146 1736 nostratium
1179 1699 1396 1750 jamdudum
1429 1700 1509 1750 ejus
1541 1705 1721 1750 pertaesos

154 1778 246 1809 esse,
267 1764 329 1814 qui
354 1763 453 1814 prius
479 1762 568 1800 illud
595 1762 890 1808 admirabantur;
919 1769 956 1801 et
984 1763 1046 1814 qui
1067 1762 1384 1801 vehementissimi
1408 1777 1486 1801 esse
1511 1764 1723 1803 videbantur

155 1829 201 1866 ad
228 1828 484 1865 stabiliendam
517 1826 612 1864 hanc
637 1839 771 1864 novam
803 1826 1096 1873 fabricationem,
1125 1828 1203 1878 jam
1236 1828 1339 1878 quasi
1370 1833 1512 1866 mutata
1539 1829 1722 1866 sententia

155 1898 347 1943 coeperunt
365 1891 498 1929 mirum
516 1891 554 1928 in
580 1890 731 1928 modum
749 1891 959 1942 frigescere.
1016 1892 1200 1930 Dominus
1219 1892 1283 1930 det
1300 1899 1352 1938 ut,
1374 1892 1525 1930 sublatis
1550 1893 1720 1932 omnibus

153 1956 314 1995 dissidiis
338 1962 376 1993 et
401 1955 712 2000 contentionibus,
742 1956 838 1993 idem
865 1970 995 1995 omnes
1019 1957 1212 2008 loquamur
1234 1962 1272 1994 et
1297 1957 1498 1994 sentiamus
1521 1957 1718 1995 seeundum

152 2022 281 2059 Jesum
307 2021 509 2065 Christum,
538 2026 576 2057 et
599 2026 639 2057 ut
664 2021 885 2059 unanimiter
909 2034 981 2059 uno
1000 2035 1063 2060 ore
1089 2021 1336 2072 glorificemus
1360 2022 1483 2059 Deum
1505 2027 1542 2058 et
1571 2021 1718 2059 Patrem

158 2086 311 2124 Domini
341 2086 458 2123 nostri
486 2085 578 2123 Jesu
607 2084 764 2123 Christi!

233 2152 291 2189 De
323 2151 432 2188 rebus
461 2149 682 2200 Anglicanis
715 2150 804 2187 nolo
837 2151 884 2188 ad
917 2156 953 2188 te
987 2152 1158 2199 scribere,
1193 2152 1279 2203 quia
1310 2151 1391 2202 pius
1423 2156 1462 2188 et
1497 2152 1626 2189 doctus
1659 2152 1717 2190 hic

153 2217 380 2260 adolescens,
410 2215 472 2266 qui
502 2214 567 2251 has
600 2214 646 2251 ad
675 2220 712 2251 te
740 2214 873 2265 perfert
904 2215 1041 2262 literas,
1072 2217 1117 2254 de
1149 2217 1319 2254 omnibus
1350 2215 1541 2253 certiorem
1573 2222 1609 2253 te
1638 2217 1717 2254 red-

153 2282 225 2318 det.
282 2280 446 2318 Primum
473 2292 647 2330 pannum,
674 2292 782 2329 quem
816 2280 863 2317 ad
891 2285 929 2317 te
955 2281 1052 2327 misi,
1084 2282 1216 2332 piratae
1250 2280 1531 2330 Flussingenses
1564 2281 1717 2319 interce-

155 2351 306 2396 perunt;
346 2344 544 2382 seeundum
579 2343 800 2381 mittendum
838 2345 973 2391 curavi,
1015 2359 1123 2396 quem
1160 2345 1269 2383 audio
1304 2345 1350 2382 ad
1387 2351 1467 2382 tuas
1508 2346 1716 2395 pervenisse

154 2422 296 2446 manuS.
353 2409 457 2446 Bene
485 2408 577 2452 vale,
605 2407 659 2444 vir
687 2408 956 2454 colendissime,
990 2416 1027 2447 et
1054 2416 1094 2447 ut
1120 2409 1288 2461 precibus
1319 2409 1391 2446 tuis
1418 2422 1477 2446 me
1506 2409 1587 2447 Deo
1614 2423 1715 2448 eom-

155 2473 371 2511 mendatum
400 2472 546 2517 habeas,
575 2471 772 2523 plurImum
800 2486 905 2523 rogo.
954 2474 1118 2524 Raptim.

234 2537 438 2576 Fulhamiae
466 2537 504 2574 in
532 2536 682 2586 Anglia,
712 2540 735 2573 9
764 2535 940 2588 Augusti,
972 2539 1084 2575 1574.

643 2599 746 2638 Tuus
773 2600 812 2638 in
841 2600 991 2640 Christo
1019 2602 1139 2648 frater,
1171 2608 1208 2639 et
1235 2602 1286 2639 tui
1316 2602 1603 2648 amantissimus,

1139 2666 1392 2705 EDWINUS
1429 2667 1648 2713 SANDUS‚

467 2743 728 2770 INSCRIPTIO.
1311 2731 1516 2782 Episcopus
1546 2733 1713 2771 London.

239 2797 271 2832 V
271 2797 326 2833 iro
344 2796 603 2835 ‘colendissimo
621 2801 654 2834 et
662 2797 792 2848 fratri
810 2809 876 2833 suo
896 2797 1102 2839 carissimo,

285 2862 441 2898 domino
471 2862 639 2899 Henrico
672 2862 911 2908 Bullingero,
945 2862 1103 2897 ecclesioe

288 2925 484 2973 Tigurinoe
526 2928 675 2976 pastori
717 2925 1013 2974 vigilantissimo
1060 2925 1101 2962 in

285 2990 474 3028 Helvetia.
