1845 3233
139 130 194 169 50
727 136 888 163 THOMAs
921 133 1100 160 LEVERUS
1559 113 1703 174 [misr.

138 254 269 292 ceteris
306 252 343 289 in
371 251 527 289 ccclesia
557 250 687 287 ritibus
717 248 859 292 eadem,
893 258 977 296 quae
1010 244 1082 282 fuit
1118 244 1186 280 sub
1220 242 1422 280 Edouardo
1455 247 1575 287 sexto,
1604 255 1704 280 nunc

138 317 355 355 auctoritate
388 315 547 364 Reginae
579 320 617 350 et
648 311 892 363 parliamenti,
927 309 1000 360 (sic
1035 307 1136 345 enim
1177 320 1361 344 summum
1392 312 1547 344 vocatur
1577 306 1704 344 conci--

138 378 258 430 lium,)
279 379 375 429 apud
398 391 466 415 nos
489 377 703 415 restituitur.
751 376 887 413 Verum
915 373 1103 410 enimvero
1127 371 1166 408 in
1190 370 1485 421 injunctionibus
1507 384 1530 408 a
1555 370 1706 421 Regina

137 444 243 480 editis
279 448 365 492 post
398 441 683 492 parliamentum
711 438 999 490 praescribuntur
1034 435 1215 472 ministris
1250 435 1515 472 ecclesiasticis
1551 440 1705 472 ornatus

134 507 258 557 aliqui,
293 505 419 556 quales
453 505 648 543 sacrificuli
674 504 763 541 olim
792 502 1002 539 habuerunt
1036 505 1074 536 ct
1105 499 1227 537 adhuc
1249 498 1400 536 habent.
1456 498 1611 536 Plurimi
1634 498 1706 536 mi-

134 571 250 615 nistri,
279 569 341 619 qui
374 582 503 607 onmes
534 569 626 606 tales
654 567 916 618 deposuissent
947 569 1070 609 antea,
1102 576 1201 601 nunc
1235 569 1361 600 tamen
1393 563 1632 608 obedientiae,
1662 566 1706 600 ut

134 636 247 679 aiunt,
285 647 394 672 causa
424 634 557 671 iterum
594 633 732 670 similes
763 636 953 668 resumunt
988 635 1025 665 et
1060 628 1230 665 induunt.
1287 627 1403 665 Pauci
1438 640 1527 664 sane
1563 639 1704 671 sumuS,

134 699 195 749 qui
221 699 313 735 tales
341 704 461 735 vestes
491 697 642 748 perinde
672 696 911 733 abhorremus
940 699 1053 743 atque
1085 692 1194 729 miles
1230 692 1292 730 ille
1325 691 1563 730 Christianus
1597 704 1704 729 coro-

134 776 232 808 nam,
264 763 309 799 de
341 775 414 812 qua
449 761 594 812 scripsit
625 760 886 798 Tertullianus.
943 758 1033 796 Non
1071 757 1170 794 enim
1209 756 1440 807 ignoramus,
1476 769 1587 807 quam
1614 756 1707 793 inde¹

135 827 368 865 occasionem
399 826 556 875 papistae
589 830 740 875 captant
772 823 819 860 ad
857 822 1104 859 offensionem
1137 821 1382 858 infirmorum.
1439 820 1538 858 Nam
1570 821 1610 857 in
1642 833 1704 857 ca-

132 890 357 927 thedralibus
381 889 547 927 ecclesiis
568 887 827 940 praebendarii,
848 893 885 923 et
906 886 946 923 in
974 885 1106 923 ceteris
1133 885 1299 923 ecclesiis
1323 884 1463 922 rurales
1492 884 1703 929 sacrificuli,

134 960 303 991 externas
330 959 450 991 vestes
476 959 512 990 ct
544 953 712 990 internos
744 951 891 988 animos
919 964 965 987 ex
992 949 1163 1001 papismo
1190 949 1408 993 retinentes,
1438 948 1491 986 ita
1516 948 1704 986 fascinant

134 1031 235 1055 aures
277 1023 315 1054 et
353 1018 480 1055 oculos
521 1017 733 1061 multorum,
773 1021 814 1052 ut
855 1028 932 1052 non
975 1020 1133 1065 possunt
1169 1027 1247 1051 non
1290 1013 1439 1051 credere
1480 1013 1702 1064 papisticam

132 1094 276 1132 quoque
309 1081 514 1118 doctrinam
550 1080 670 1118 adhuc
704 1085 888 1117 retentam
918 1091 1011 1122 esse,
1048 1084 1112 1115 aut
1140 1078 1269 1116 saltem
1302 1079 1404 1116 brevi
1434 1077 1703 1116 restituendam

131 1146 221 1183 fore.
286 1146 420 1183 Multae
450 1145 624 1195 paroeciae
661 1144 758 1195 apud
794 1157 865 1180 nos
898 1143 1040 1180 nullum
1069 1143 1210 1180 habent
1242 1142 1537 1180 ecclesiasticum
1573 1142 1702 1179 minis—

131 1216 240 1255 trum,
272 1215 310 1247 et
339 1210 481 1260 aliquot
509 1210 690 1246 dioeceses
723 1208 976 1245 destituuntur
1005 1207 1203 1258 episcopis.
1258 1206 1386 1258 Atque
1423 1220 1469 1245 ex
1492 1207 1565 1244 illis
1595 1206 1703 1244 valde

130 1275 270 1324 paucis,
307 1275 369 1324 qui
400 1288 465 1325 per
501 1287 677 1324 magnam
712 1273 808 1310 hanc
840 1272 1038 1323 regionem
1074 1277 1308 1309 sacramenta
1344 1271 1617 1316 administrant,
1653 1284 1703 1308 ne

131 1338 352 1375 centesimus
381 1339 572 1389 quisquam
601 1338 749 1375 verbum
781 1337 853 1374 Dei
880 1337 1083 1387 praedicare
1109 1342 1237 1387 potest
1265 1342 1303 1373 et
1327 1336 1431 1380 vult;
1461 1337 1526 1374 sed
1550 1342 1701 1373 tantum

130 1402 266 1451 legere,
295 1403 393 1452 quod
414 1403 452 1439 in
474 1402 575 1440 libris
602 1402 867 1452 praescribitur,
896 1415 1026 1439 omnes
1052 1407 1250 1452 coguntur.
1307 1401 1368 1438 Sic
1398 1415 1487 1438 sanc
1513 1401 1611 1451 apud
1629 1414 1701 1438 nos

125 1467 203 1515 jam
225 1466 355 1502 messis
376 1466 529 1503 Domini
555 1465 826 1516 copiosissima,
859 1471 896 1502 et
926 1466 1081 1516 operarii
1105 1465 1320 1516 paucissimi
1347 1471 1444 1503 sunt.
1501 1465 1578 1510 Qui
1599 1465 1702 1503 fuere

131 1530 315 1579 quondam
349 1530 523 1581 episcopi,
556 1536 593 1567 et
630 1530 742 1567 ceteri
780 1529 1042 1581 archipapistae
1080 1530 1179 1580 apud
1214 1543 1297 1575 nos,
1329 1535 1593 1580 praeponentes
1628 1530 1701 1580 pri-

130 1599 271 1630 matum
302 1607 409 1644 papze
445 1594 657 1631 auctoritati
689 1595 862 1644 Reginae,
899 1595 1091 1645 privantur
1125 1595 1298 1632 omnibus
1331 1594 1535 1632 honoribus
1570 1600 1607 1632 et
1635 1594 1701 1632 sti-

131 1657 274 1707 pendiis
301 1657 339 1694 in
366 1657 518 1708 Anglia.
574 1659 735 1703 Quidam
763 1660 876 1696 etiam
905 1673 951 1697 ex
978 1660 1051 1697 illis
1077 1673 1196 1710 nuper
1220 1659 1398 1697 custodiis
1426 1665 1464 1698 et
1491 1660 1702 1698 carceribus

132 1721 430 1766 committuntur;
467 1728 504 1758 et
534 1736 608 1773 quo
635 1723 784 1760 tandem
814 1723 957 1761 evasuri
987 1724 1073 1769 sint,
1102 1723 1223 1761 adhuc
1251 1724 1456 1774 ignoratur.

208 1785 252 1821 In
266 1784 392 1822 Scotia
409 1798 485 1822 non
500 1787 647 1836 publico
666 1801 852 1825 consensu
871 1788 917 1825 ab
934 1788 1120 1833 omnibus,
1141 1789 1206 1825 sed
1223 1794 1349 1826 tamen
1365 1801 1507 1838 magno
1522 1801 1606 1826 cum
1621 1789 1702 1826 zelo

132 1854 169 1887 et
197 1849 405 1886 sinceritate
431 1863 452 1886 a
483 1864 590 1900 quam
616 1852 794 1902 plurimis,
826 1852 1062 1902 evangelium
1090 1852 1277 1903 recipitur.
1335 1853 1384 1890 Et
1413 1852 1516 1890 Scoti
1537 1852 1614 1902 jam
1638 1852 1703 1890 diu

132 1913 257 1950 Gallos
277 1926 404 1950 omnes
425 1927 444 1950 e
465 1914 590 1952 Scotia
610 1917 791 1966 expellere
809 1922 979 1961 tentant3
1006 1916 1105 1954 unde
1124 1918 1222 1967 apud
1239 1931 1309 1955 nos
1324 1918 1447 1955 videre
1467 1923 1524 1954 est
1542 1930 1702 1967 magnos

128 1977 308 2014 bellorum
336 1984 543 2029 apparatus,
578 1986 615 2017 et
644 1980 792 2030 plurimi
826 1981 963 2019 milites
993 1981 1033 2018 in
1064 1981 1269 2019 subsidium
1300 1982 1499 2019 Scotorum
1527 1982 1702 2019 adversus

132 2042 256 2079 Gallos
291 2042 499 2081 mittuntur.
556 2044 625 2081 Est
657 2051 786 2095 portus
817 2046 856 2082 in
895 2046 1034 2092 Scotia,
1071 2047 1134 2097 qui
1166 2052 1295 2084 nostro
1332 2046 1512 2084 idiomate
1547 2053 1706 2085 vocatur

131 2107 264 2144 Leitlz:
292 2106 395 2143 illum
420 2106 542 2152 fossis,
569 2110 783 2159 aggeribus,
809 2111 1006 2148 tormentis
1027 2116 1064 2148 et
1087 2112 1199 2148 armis
1224 2111 1412 2149 munitum
1438 2111 1535 2149 Galli
1556 2116 1702 2158 tenent,

130 2169 247 2219 Angli
275 2178 506 2221 oppugnant.
561 2173 673 2210 Multi
710 2180 809 2212 certe
844 2175 1016 2226 utrinque
1046 2176 1331 2222 interficiuntur,
1368 2182 1406 2213 et
1440 2175 1577 2226 captivi
1612 2176 1702 2221 vivi,

132 2240 171 2271 ut
200 2234 316 2279 aiunt,
339 2235 429 2272 nulli
457 2242 656 2275 servantur.
711 2238 862 2284 Audivi,
891 2240 991 2290 quod
1018 2253 1145 2278 verum
1176 2253 1256 2278 esse
1286 2240 1465 2290 suspicor,
1492 2253 1593 2277 nunc
1622 2240 1702 2278 die-

129 2311 209 2335 rum
240 2298 328 2336 talia
359 2313 438 2337 esse
474 2302 674 2340 mundanae
708 2303 809 2354 pacis
842 2304 994 2350 foedera,
1028 2311 1069 2341 ut
1100 2305 1249 2355 penitus
1284 2304 1547 2349 dissolvantur,
1582 2304 1613 2341 si
1644 2306 1702 2343 vel

131 2375 223 2399 unus
251 2363 295 2399 ab
324 2364 496 2402 alterutra
523 2371 626 2415 parte
654 2367 821 2417 captivus
847 2368 1058 2406 detineatur
1086 2370 1213 2413 vivus;
1242 2369 1389 2419 possint
1417 2374 1543 2406 tamen
1569 2369 1701 2407 eadem

131 2425 339 2463 firmissima
368 2441 613 2477 perseverare,
648 2430 679 2466 si
708 2430 977 2469 interficiantur
1002 2433 1061 2470 vel
1091 2433 1267 2484 utrinque
1295 2432 1456 2483 plurimi.
1512 2433 1639 2484 Atque
1662 2434 1701 2471 id

131 2488 217 2525 inde
253 2490 424 2539 conjicio,
459 2493 558 2542 quod
594 2493 713 2531 adhuc
749 2495 846 2532 inter
878 2496 1006 2534 Gallos
1042 2502 1081 2534 et
1116 2496 1261 2548 Anglos
1297 2497 1441 2534 nullum
1476 2497 1616 2534 bellum
1654 2498 1704 2535 sit

130 2551 273 2600 publice
298 2553 489 2601 indictum,
518 2557 583 2593 sed
605 2557 731 2607 potius
758 2559 842 2596 talis
871 2573 957 2609 pax,
987 2567 1029 2597 ut
1061 2567 1287 2599 mercatores
1316 2561 1431 2599 libere
1459 2562 1705 2612 negotiantur

130 2614 248 2664 Angli
276 2616 314 2653 in
343 2618 463 2656 Gallia
489 2625 526 2656 et
559 2621 657 2657 Galli
686 2621 725 2658 in
756 2622 910 2673 Anglia,
943 2638 1027 2662 cum
1056 2625 1205 2663 interim
1236 2625 1376 2663 milites
1406 2625 1598 2676 utriusque
1631 2626 1701 2663 mi-

131 2691 210 2715 scrc
241 2685 278 2716 ct
309 2679 492 2719 hostiliter
521 2684 758 2734 confligendo
789 2694 946 2736 pereunt
974 2688 1013 2725 in
1039 2689 1178 2726 Scotia.

209 2743 267 2779 De
299 2757 358 2781 mc
391 2746 484 2795 ipso,
523 2747 552 2783 si
587 2748 730 2797 placeat
762 2751 899 2796 audire,
934 2752 1124 2803 intelligas
1157 2754 1283 2799 velim,
1319 2754 1421 2805 quod
1457 2753 1586 2792 statim
1615 2759 1702 2804 post

128 2806 284 2844 reditum
314 2821 437 2846 meum
468 2810 505 2847 in
535 2810 714 2861 Angliam
746 2814 898 2852 lustravi
926 2829 1105 2866 magnam
1140 2818 1219 2868 ejus
1247 2825 1391 2869 partem
1421 2817 1608 2869 evangelii
1635 2831 1702 2855 an-

128 2871 327 2934 nunciandi
360 2886 480 2911 causa.
538 2875 680 2926 Estque
712 2877 840 2915 civitas
875 2879 914 2916 in
949 2881 1076 2918 medio
1113 2881 1269 2932 Angliae
1306 2883 1390 2928 sita,
1427 2896 1513 2933 quae
1546 2887 1706 2920 vocatur

127 2933 343 2973 Coventria.
399 2937 444 2974 In
472 2950 516 2974 ea
541 2951 698 2989 semper,
723 2954 769 2978 ex
795 2955 869 2992 quo
897 2944 1012 2981 semel
1041 2945 1192 2983 emersit
1217 2946 1467 2997 evangelium,
1492 2946 1595 2984 suere
1618 2945 1701 2996 plu-
