1845 3233
73 129 174 185 [Alb]
273 143 477 169 JOHANNES
508 142 794 169 PARKHURSTUS
827 142 880 167 AD
912 140 1121 166 HENRICUM
1154 136 1452 165 BULLINGERUM.
1577 118 1632 164 73

74 260 183 311 (puto
220 271 284 296 eos
317 271 397 295 suae
434 258 601 308 perfidiae
637 259 786 295 daturos
817 253 982 307 poenas.)
1040 254 1153 300 Quod
1189 261 1226 290 et
1261 253 1386 290 sedulo
1415 251 1560 295 faciam,
1599 255 1636 286 et

74 323 343 374 quamprimum
379 335 444 360 eos
482 323 526 359 de
565 321 703 359 Christi
735 320 894 358 inimicis
930 319 1104 357 certiores
1141 317 1300 355 reddam.
1360 316 1445 354 Hoc
1482 315 1532 351 mi
1559 327 1638 366 per-

75 388 220 438 placet;
263 401 309 424 ex
338 386 408 424 hoc
436 387 534 424 enim
567 386 703 436 colligo
740 384 981 422 clarissimum
1013 381 1315 420 Cantuarienscm
1343 394 1440 418 verm
1468 378 1639 429 religioni

74 457 284 489 constanter
308 450 402 488 velle
428 450 693 488 adhaerescere.
748 449 858 487 Faxit
889 448 1093 486 Dominus!

156 516 285 554 Saluta
303 527 387 551 meo
402 514 552 552 nomine
572 515 751 565 optimam
769 520 872 550 tuam
892 525 1056 556 uxorem,
1076 511 1184 555 filios,
1205 510 1310 554 filias,
1330 522 1452 553 nurus,
1473 520 1641 558 generos,

78 580 232 624 affines;
272 579 480 623 Hallerum,
513 578 705 623 WVolfium,
737 577 906 621 Frisium,
941 575 1142 621 Collinum,
1170 574 1372 618 Wickium,
1402 573 1644 617 pellicanum,

82 643 280 693 Mejerum‚
307 642 591 687 Froschoveros,
621 649 691 680 ete.
748 642 837 680 Mea
862 653 928 678 vos
955 652 1095 677 omnes.

159 707 257 745 Cum
282 707 364 744 haec
389 707 631 758 scripsissem,
652 720 736 744 ecce
755 705 989 756 evangelium
1009 704 1054 741 ad
1073 717 1132 740 me
1150 702 1321 747 adfertur,
1342 715 1488 740 crucem
1508 702 1648 739 scilicet

81 779 118 809 et
145 772 363 809 candelabra
387 771 426 809 in
446 771 586 823 capella
606 771 765 821 Reginae
785 783 866 807 esse
890 768 1130 812 comminuta,
1151 773 1200 812 et,
1221 773 1262 803 ut
1280 767 1428 817 quidam
1446 766 1583 811 retulit,
1608 766 1647 803 in

82 836 242 873 cinerem
268 836 426 873 redacta.
482 835 603 873 Abeat
625 848 713 872 crux
741 834 779 871 in
806 833 941 870 malam
968 832 1137 870 crucem!
1193 831 1360 869 Nimium
1381 831 1443 867 diu
1467 830 1542 868 illic
1567 844 1648 882 per-

83 899 189 944 stitit,
220 900 291 950 piis
318 900 357 937 id
388 900 639 949 maximopere
664 897 951 949 deplorantibus,
973 896 1128 947 papistis
1146 895 1274 933 nescio
1300 907 1408 945 quam
1436 908 1538 946 spem
1563 895 1649 932 inde

83 964 388 1015 concipientibus.
446 964 634 1001 Praeterea
661 960 983 1012 pseudoepiscopi,
1012 960 1075 1011 qui
1104 965 1190 997 sunt
1222 959 1259 996 in
1285 959 1374 998 turri
1408 958 1650 1003 Londinensi‚

83 1028 298 1078 propediem
317 1027 470 1065 reddent
493 1027 672 1064 rationem
698 1040 776 1063 suae
796 1026 983 1076 perfidiae:
1017 1025 1069 1062 sic
1090 1024 1188 1061 enim
1208 1024 1329 1061 audio.
1385 1023 1488 1068 Vale,
1511 1023 1650 1074 optime

92 1092 312 1143 Bullingere.
367 1091 528 1142 Raptim.
587 1090 822 1136 Ludhamiae,
854 1093 903 1126 20
930 1088 1107 1139 Augusti,
1140 1090 1251 1125 1562.

765 1166 880 1211 Tuus,

877 1239 1164 1278 JOHANNES
1194 1237 1600 1285 PARKHURSTUS,

341 1321 601 1348 iNSCRIPTIo.
1126 1302 1422 1342 Nordovieensis.

167 1377 391 1413 Clarissimo
418 1377 500 1412 viro
532 1374 585 1413 D,
615 1376 783 1413 Henrlco

220 1441 453 1488 Bullingero.
513 1440 665 1487 Tiguri.

652 1689 946 1732 EPISTOLA
979 1688 1100 1730 LIV.

220 1859 496 1890 'JOHANNES
523 1858 733 1888 JUELLUS
760 1857 827 1887 AD
857 1854 1114 1887 HENRICUM
1143 1850 1514 1884 BULLINGERUM.

173 1934 210 1971 S,
242 1934 313 1970 PL.
339 1934 397 1971 De
417 1933 463 1970 D.
487 1934 598 1970 Petro
627 1933 792 1983 Martyre
821 1931 890 1968 etsi
920 1931 1041 1967 dolere
1070 1929 1162 1966 nihil
1192 1929 1352 1979 prodest,
1382 1933 1507 1964 tamen
1534 1926 1661 1964 nescio

95 2012 168 2049 quo
197 2004 308 2047 paeto
336 1998 440 2035 dolor
466 1997 543 2048 ipse
569 1997 758 2047 jucundus
789 2003 854 2033 est.
913 1995 986 2032 Hei
1014 1994 1127 2032 mihi!
1160 1993 1294 2043 dignus
1324 1991 1473 2042 quidem
1500 1990 1559 2027 ille
1581 1990 1661 2034 fuit,

95 2064 156 2100 illa
180 2061 321 2111 ingenii
349 2061 617 2112 magnitudine,
645 2061 707 2098 illa
730 2061 916 2097 literarum
944 2058 1194 2101 multitudine,
1218 2057 1280 2093 illa
1308 2056 1456 2107 pietate,
1486 2054 1557 2091 illis
1582 2066 1661 2090 mo-

95 2127 205 2171 ribus,
235 2126 298 2162 illa
324 2126 410 2170 vita,
439 2125 503 2176 qui
527 2138 715 2175 nunquam
745 2138 764 2161 e
793 2124 869 2161 vita
895 2124 1096 2161 tolleretur.
1152 2121 1223 2158 Sed
1246 2120 1318 2157 hoc
1345 2134 1418 2169 ego
1444 2120 1521 2168 jam
1550 2123 1661 2154 antea

96 2193 172 2228 fore
198 2191 418 2235 divinabam,
443 2189 505 2226 ubi
530 2189 689 2239 primum
714 2188 909 2231 audissem,
939 2186 1129 2224 hominem
1152 2186 1189 2222 id
1218 2184 1342 2221 aetatis
1371 2183 1536 2220 animum
1564 2182 1662 2231 adje-

96 2256 189 2293 cisse
217 2255 263 2292 ad
289 2254 448 2305 nuptias,
501 2253 602 2291 Deus
634 2253 722 2303 Opt.
741 2253 843 2290 Max.
872 2251 1030 2301 benigne
1057 2250 1228 2300 respiciat
1255 2248 1451 2286 ecclesiam
1480 2259 1598 2290 suam,
1627 2252 1664 2282 et

96 2320 148 2356 illi
178 2320 370 2357 demortuo
399 2318 574 2368 suscipiat
601 2318 703 2355 alios.
760 2317 871 2354 Pauci
904 2316 1005 2361 estis,
1037 2315 1087 2351 mi
1119 2320 1233 2364 pater,
1262 2312 1369 2362 pauci
1398 2311 1501 2355 estis,
1531 2310 1664 2360 quibus

98 2397 193 2422 nunc
211 2397 329 2421 rerum
349 2396 492 2421 summa
510 2382 660 2426 nititur3
687 2395 773 2419 nam
794 2387 830 2418 te
850 2394 993 2431 semper
1010 2378 1197 2416 numeravi
1218 2377 1313 2414 inter
1331 2376 1480 2427 primos
1538 2374 1572 2411 O
1592 2374 1663 2411 uti-

98 2462 184 2486 nam
211 2461 354 2498 semper
379 2447 540 2484 existant
568 2446 693 2496 aliqui,
720 2446 853 2496 quibus
881 2444 1029 2496 possitis
1054 2443 1149 2480 hanc
1177 2441 1384 2491 lampadem
1410 2439 1663 2476 committere!

98 2513 168 2550 Sed
197 2513 308 2550 missa
339 2513 411 2549 ista
444 2512 549 2549 facio.
620 2511 802 2548 Hercules
835 2516 954 2547 vester
984 2506 1247 2557 Tubingensis,
1281 2509 1527 2541 monstrorum
1557 2503 1665 2541 fabri-

100 2584 210 2622 cator,
240 2590 316 2614 non
345 2576 518 2621 domitor,
543 2576 661 2612 otiose
683 2575 761 2625 jam
789 2573 1002 2624 triumphat.
1060 2572 1104 2609 In
1132 2576 1213 2607 toto
1243 2569 1306 2605 illo
1336 2582 1402 2605 suo
1426 2581 1543 2617 regno
1572 2567 1666 2605 Ubi-

101 2643 257 2693 quitario
287 2648 363 2678 tam
393 2639 524 2690 amplis
549 2639 677 2689 spatiis
704 2645 741 2675 et
768 2638 982 2689 regionibus
1012 2636 1122 2673 miror
1149 2634 1178 2671 si
1207 2633 1326 2684 possit
1358 2632 1571 2670 consistere.
1627 2631 1667 2668 Si

101 2707 188 2756 quid
217 2705 336 2742 moliri
365 2705 452 2742 velit
481 2704 519 2741 in
549 2702 737 2740 hominem
767 2707 966 2745 mortuum,
999 2706 1036 2737 et
1071 2700 1150 2749 ejus
1177 2697 1313 2747 scripta
1345 2696 1488 2747 possint
1520 2696 1566 2732 ad
1597 2708 1668 2733 nos

102 2770 261 2821 perferri,
295 2770 365 2807 nisi
392 2769 473 2819 quis
501 2775 658 2805 vestrum
696 2766 785 2803 mibi
818 2766 905 2803 velit
936 2770 1173 2807 antevertere,
1205 2775 1277 2812 ego
1310 2773 1475 2798 mearum
1507 2759 1666 2810 partium

102 2850 183 2873 esse
214 2842 316 2886 puto,
347 2840 527 2884 quantum
552 2832 707 2882 negotia
738 2845 820 2867 mea
844 2830 1042 2881 patientur,
1073 2835 1113 2864 ut
1141 2827 1190 2863 illi
1217 2826 1481 2878 respondeam3
1523 2824 1554 2861 si
1577 2822 1667 2860 nihil

101 2901 209 2945 aliud,
235 2900 365 2936 saltem
394 2904 436 2935 ut
461 2896 617 2946 intelligi
645 2895 774 2946 possit,
802 2895 975 2945 Angliam
999 2900 1036 2930 et
1068 2891 1277 2930 llelvetiam
1304 2896 1433 2928 contra
1457 2889 1547 2926 istos
1575 2887 1667 2926 Ubi-

103 2964 280 3014 quitarios
308 2962 513 3002 convenire.
