1845 3233
87 147 170 189 168
299 156 464 184 necans
495 156 792 184 mmmemxus
827 156 881 182 AD
912 155 1158 182 RODOLPHUM
1189 153 1449 180 GUALTERUM.
1521 135 1665 192 [emer.

87 278 247 325 quantas
262 271 467 322 tragoedias
487 271 702 310 concitarit:
743 277 783 308 at
802 285 846 308 ea
863 284 963 308 nunc
983 270 1037 308 sic
1055 269 1253 315 recruduit,
1282 269 1358 307 imo
1379 282 1416 306 se
1435 268 1553 320 ipsam
1569 281 1670 306 nunc

84 344 200 375 totam
219 336 342 387 palam
363 335 552 386 explicuit,
582 349 666 386 quae
686 335 785 386 prius
805 333 1074 372 dissimulando
1094 333 1256 379 delituit,
1285 339 1326 370 ut
1347 334 1426 384 jam
1447 346 1522 370 non
1542 332 1665 370 solum

88 400 213 446 vestis,
252 400 316 437 sed
361 399 536 450 quicquid
575 398 755 436 habemus
790 397 938 449 politiae
977 397 1259 443 ecclesiasticae,
1298 397 1518 448 disciplinae,
1558 395 1670 448 patri-

86 463 204 502 monii
240 462 470 512 episcopalis,
509 462 648 500 rituum
686 467 750 499 aut
780 474 931 512 precum
967 461 1213 511 publicarum,
1250 460 1429 511 liturgiae,
1461 459 1672 498 vocationis

88 526 353 571 ministrorum,
382 531 446 562 aut
475 533 794 564 sacramentorum
816 524 1027 569 ministerii,
1055 524 1093 562 id
1122 537 1235 562 omne
1254 524 1335 574 jam
1360 524 1519 575 publicis
1538 522 1671 561 libellis

84 591 323 636 convellatur,
358 596 396 627 et
425 603 503 628 non
531 590 725 628 ferendum
753 590 792 626 in
823 588 965 626 Christi
998 588 1158 627 ecclesia
1192 588 1372 627 acerrime
1408 588 1669 626 contendatur.

89 656 217 694 Solam
248 654 456 692 doctrinam
479 655 588 692 nobis
610 654 796 705 integram
817 653 1058 705 relinquunt:
1089 653 1266 705 quiequid
1291 653 1391 691 aliud
1419 653 1480 699 sit,
1508 665 1672 704 quocun·

90 733 161 771 que
185 719 338 756 nomine
358 718 567 769 appellaris,
587 718 829 769 rejiciendum
850 717 1053 756 clamitant.
1111 718 1256 756 Dolent
1274 718 1340 768 pii,
1360 717 1518 768 papistae
1534 717 1671 761 rident,

90 784 187 835 quod
205 796 273 820 nos
292 782 451 820 invicem
466 783 546 834 jam
565 782 792 828 mordemus,
820 781 883 832 qui
910 781 996 819 illos
1024 782 1235 832 conjunctis
1265 781 1382 833 copiis
1401 781 1501 832 prius
1526 793 1672 830 expug-

90 862 177 886 nare
209 847 445 885 solebamus:
488 847 636 892 infirmi,
666 846 755 898 quid
787 852 851 883 aut
883 845 943 883 cui
975 845 1198 884 credendum
1232 846 1293 891 sit,
1326 846 1524 897 ignorant;
1570 842 1673 881 ἄθεοι

92 912 253 950 suaviter
283 911 321 948 in
351 910 529 948 utramvis
557 924 683 948 aurem
715 910 925 948 dormiunt:
956 908 1176 961 ἱεροφάνται
1203 910 1350 962 praedae
1383 909 1539 955 inhiant,
1569 914 1607 946 et
1634 912 1677 945 ut

92 978 211 1028 majus
228 975 441 1013 incendium
461 982 616 1021 crescat,
636 975 737 1013 velut
755 975 862 1012 folles
881 974 1010 1012 sedulo
1025 974 1172 1012 inflant.
1218 975 1402 1014 Miserum
1422 972 1676 1025 spectaculum

93 1049 130 1079 et
162 1040 385 1078 horrendum
412 1039 551 1084 auditu,
586 1039 672 1078 haec
701 1039 799 1077 inter
829 1039 997 1090 ejusdem
1025 1038 1217 1089 religionis
1244 1039 1476 1090 professores
1508 1037 1611 1075 fieri:
1639 1042 1680 1074 et

91 1113 218 1143 tamen
237 1109 318 1141 tota
337 1103 446 1154 culpa
465 1103 503 1140 in
523 1104 719 1155 episcopos
738 1104 966 1149 transfertur,
996 1103 1101 1154 quasi
1127 1103 1180 1140 illi
1206 1104 1289 1150 soli,
1324 1104 1355 1141 si
1373 1103 1521 1148 vellent,
1552 1101 1680 1140 omnia

92 1170 178 1207 haec
196 1169 294 1206 mala
312 1167 494 1205 eradicare
514 1174 664 1219 queant.
721 1169 859 1215 Multa,
878 1168 1010 1213 fateor,
1028 1168 1231 1206 toleramus
1249 1168 1355 1206 inviti
1375 1167 1573 1218 gemendo,
1593 1177 1680 1217 quae

93 1234 236 1278 tollere,
266 1232 297 1269 si
328 1232 492 1269 maxime
522 1232 691 1279 velimus,
719 1233 916 1284 nequimus
955 1232 1107 1270 orando.
1162 1232 1238 1270 Sub
1266 1232 1422 1283 imperio
1440 1231 1612 1277 vivimus,
1643 1235 1682 1267 et

93 1297 185 1335 nihil
220 1297 300 1335 sine
331 1296 498 1347 principe
526 1297 716 1344 innovare,
749 1304 813 1336 aut
834 1298 1015 1348 abrogare
1044 1297 1123 1335 sine
1154 1297 1280 1348 legum
1304 1296 1525 1334 auctoritate
1548 1307 1680 1346 possu-

94 1375 199 1406 mus;
231 1367 268 1398 et
290 1373 380 1398 num
404 1360 487 1398 liaee
507 1360 670 1408 ferenda,
690 1363 748 1400 vel
766 1362 892 1414 potius
912 1362 1083 1400 ecclesiae
1100 1374 1174 1412 pax
1194 1361 1460 1412 abrumpenda,
1486 1360 1566 1398 sola
1583 1371 1681 1397 nunc

95 1427 202 1464 datur
235 1425 350 1476 optio.
408 1424 533 1470 Quam
566 1439 697 1464 sanum
727 1427 777 1464 sit
814 1426 1015 1465 consilium
1055 1433 1161 1463 tuum
1200 1426 1240 1463 in
1276 1425 1501 1477 praefatione
1538 1434 1602 1461 tua
1634 1422 1682 1460 ad

96 1489 314 1528 Corinthios
333 1489 506 1540 epistolae
523 1489 568 1527 de
583 1490 762 1528 varietate
773 1490 912 1528 rituum
930 1496 968 1527 et
985 1490 1261 1540 disciplinarum
1277 1491 1316 1527 in
1331 1489 1485 1540 singulis
1503 1487 1682 1532 ecclesiis,

95 1554 237 1591 utinam
264 1567 395 1591 omnes
419 1553 684 1604 intelligerent,
711 1561 749 1592 et
771 1555 1032 1606 sequerentur!
1088 1553 1141 1591 At
1171 1554 1232 1591 isti
1259 1554 1354 1592 nihil
1382 1552 1613 1592 tolerandum
1642 1551 1682 1588 in

95 1618 226 1655 ritibus
255 1618 427 1655 ecelesiae
460 1624 599 1668 praeter
625 1624 794 1669 tempora
820 1619 1040 1669 apostolica,
1069 1624 1107 1655 et
1136 1631 1287 1655 omnem
1314 1618 1548 1668 disciplinam
1581 1616 1683 1654 illinc

97 1682 250 1719 derivari
271 1682 416 1728 debere,
436 1682 548 1733 idque
568 1683 635 1719 sub
661 1682 799 1720 animae
827 1688 865 1720 et
884 1683 1013 1720 salutis
1035 1688 1192 1719 aeternae
1219 1681 1427 1732 dispendio,
1447 1680 1683 1719 vociferando

95 1751 262 1795 crepant.

178 1809 224 1847 In
246 1810 381 1847 bonam
401 1815 545 1862 partem
564 1824 670 1861 cape,
692 1824 836 1861 quaeso,
855 1810 1033 1861 pauculos
1056 1809 1125 1847 hos
1151 1816 1361 1855 coronatos,
1390 1810 1527 1861 pignus
1545 1810 1686 1849 amoris

97 1874 172 1912 mei
196 1887 286 1924 erga
308 1880 345 1912 te
372 1880 410 1912 et
437 1888 566 1912 sanam
594 1875 804 1912 doctrinam
832 1881 947 1912 tuam.
1004 1875 1134 1912 Plures
1158 1874 1356 1920 dedissem,
1383 1874 1456 1911 nisi
1481 1875 1581 1926 quod
1607 1875 1683 1912 col-

97 1938 296 1976 lectionem
322 1938 509 1989 quandam
543 1939 772 1977 instituimus
806 1940 845 1976 in
876 1952 1057 1989 pauperes
1087 1939 1229 1984 Gallos,
1259 1938 1335 1989 qui,
1364 1939 1485 1989 patria
1512 1939 1621 1990 ejecti
1646 1946 1684 1976 et

96 2002 206 2040 bonis
225 2002 388 2053 spoliati,
407 2003 542 2052 partim
562 2003 766 2049 Genevam,
795 2003 931 2054 partim
951 2002 1022 2041 huc
1043 2002 1304 2053 confugerunt.

177 2066 279 2112 Quid
310 2080 430 2117 nuper
462 2066 600 2104 factum
637 2067 686 2105 sit
717 2067 756 2104 in
790 2067 930 2113 Scotia,
963 2080 1010 2104 ex
1043 2066 1101 2104 his
1130 2067 1297 2105 versibus
1328 2072 1450 2104 totum
1484 2068 1683 2118 perdisces.

97 2131 328 2182 Symmystas
354 2136 439 2169 tuos
463 2144 593 2168 omnes
618 2131 657 2168 in
678 2131 846 2169 Domino
862 2132 984 2168 valere
999 2131 1128 2181 jubeo,
1146 2131 1412 2182 praecipueque
1431 2132 1684 2170 venerandum

98 2195 146 2233 D.
169 2195 429 2246 Bullingerum
458 2194 519 2232 cui
549 2200 786 2240 excusatum3
815 2195 1014 2245 diligenter
1040 2208 1101 2232 me
1124 2195 1270 2237 vellem,
1301 2196 1400 2246 quod
1418 2209 1492 2233 non
1512 2196 1684 2247 privatim

98 2260 145 2297 ad
171 2273 255 2297 eum
278 2258 514 2309 scripserIm3
545 2272 748 2311 precorque
775 2265 818 2297 ut
847 2272 932 2297 cum
960 2272 1056 2297 unus
1085 2259 1180 2306 sitis,
1201 2260 1284 2297 unis
1302 2259 1361 2297 his
1380 2260 1495 2297 literis
1516 2261 1685 2298 contenti

95 2324 187 2361 sitis.
246 2324 328 2361 Has
357 2323 424 2369 illi,
456 2323 487 2359 si
514 2323 616 2369 libet,
645 2324 895 2369 communica,
922 2329 963 2360 ut
991 2323 1131 2360 nostris
1160 2323 1320 2361 miseriis
1340 2324 1505 2374 compati
1526 2330 1563 2361 et
1591 2337 1682 2362 con—

98 2388 224 2425 dolere
255 2392 380 2438 queat.
436 2386 624 2424 Dominus
653 2388 764 2425 Jesus
794 2387 857 2425 diu
894 2393 1015 2424 servet
1044 2386 1134 2423 felix
1166 2387 1347 2437 Tigurum
1370 2388 1408 2425 in
1432 2387 1584 2438 antiqua
1621 2401 1689 2426 sua

95 2465 187 2502 pace
208 2458 246 2490 et
261 2452 334 2490 Dei
354 2451 511 2489 timore!
550 2451 642 2490 Vale
661 2451 700 2489 in
714 2452 894 2497 Domino,
909 2451 1023 2489 frater
1040 2451 1079 2488 in
1095 2449 1250 2489 Christo
1270 2452 1474 2489 carissime.
1508 2454 1557 2488 :20
1577 2452 1601 2490 J
1605 2452 1683 2497 ulii,

103 2518 216 2554 1573.

628 2604 822 2642 Doctrinae
842 2610 880 2642 et
898 2604 1049 2656 pietatis
1068 2609 1146 2643 tuae
1166 2603 1474 2649 studiosissimus,

913 2691 1157 2731 JACOBUS
1189 2690 1580 2737 PILKINTONUS,

363 2789 619 2815 INSCRIPTIO.
1405 2777 1681 2816 Dunelmensis.

179 2842 407 2879 Doctissimo
441 2843 536 2886 viro,
564 2842 611 2878 D.
642 2840 848 2890 Rodolplzo

231 2904 428 2950 Gnaltero,
470 2905 657 2954 Tigurino
691 2906 844 2954 pastori

219 2968 463 3018 fidelissimo.
