1954 3223
237 112 320 152 198
531 121 779 149 EmzABE'rHA
802 122 949 148 REGINA
972 121 1024 146 An
1049 120 1264 146 TRESDECIM
1285 120 1497 146 CANTONEs.

233 253 336 302 ipsae,
358 249 508 287 faemina
533 250 618 287 lieet
641 262 777 293 sumus,
804 248 943 299 priores
968 246 1234 292 descendimus,
1261 246 1390 292 otium‚
1416 245 1649 297 dignitatem,
1671 245 1792 295 regias

233 328 334 366 opes
359 314 537 365 quicquid
564 314 721 363 denique
747 325 870 350 carum
897 312 954 349 vel
977 311 1154 348 habemus
1179 311 1236 348 vel
1255 309 1388 348 habere
1407 322 1612 362 possumus,
1633 309 1791 347 libertati

231 379 431 417 vicinarum
464 378 630 426 gentium
660 377 766 415 sartis
794 376 974 426 tectisque
1007 375 1280 420 conservandis,
1310 375 1464 412 aliorum
1491 375 1599 425 justis
1629 373 1791 424 imperiis

233 447 511 493 postponentes,
546 442 592 478 ad
622 441 694 479 hoc
725 440 860 491 positae
889 445 925 477 et
952 440 1131 477 institutae
1162 453 1184 477 a
1214 439 1310 484 Deo,
1342 444 1384 476 ut
1411 445 1587 490 quantum
1615 440 1652 476 in
1683 437 1790 476 nobis

233 511 300 551 est,
332 505 439 542 nullis
468 505 679 551 inferamus,
704 506 750 542 ab
769 505 937 543 omnibus
962 505 1227 554 propulsemus,
1254 504 1425 554 injurias;
1460 516 1534 541 non
1554 504 1708 554 ignarae,
1729 503 1791 553 qui

233 572 384 608 alterum
412 582 488 606 non
511 570 627 619 juvat,
647 582 731 608 cum
758 573 893 619 potest,
914 574 990 605 tam
1020 582 1099 606 esse
1126 568 1165 606 in
1192 568 1297 614 vitio,
1317 581 1359 605 ac
1387 568 1418 605 si
1443 568 1523 619 ipse
1550 568 1754 606 occidisset.

308 633 381 671 Sed
412 646 476 671 vos
507 633 578 671 ista
609 647 675 684 pro
705 638 825 671 vestra
855 632 1049 683 prudentia
1078 633 1167 670 satis
1200 632 1322 670 edocti
1355 632 1455 678 estis,
1489 637 1526 670 et
1555 645 1620 683 pro
1650 633 1789 682 optima

231 705 352 739 vestra
382 697 420 735 in
454 710 519 735 vos
555 698 710 736 invicem
747 698 946 741 voluntate,
983 697 1118 742 studio,
1155 696 1363 748 pietateque
1407 697 1567 747 prompti
1611 697 1698 734 satis
1742 696 1788 734 ad

230 763 374 801 afflictis
410 762 691 800 succurrendum
728 768 934 812 vestraeque
967 761 1073 798 saluti
1109 761 1399 812 providendum:
1438 767 1699 812 proptereaque
1728 761 1788 798 de-

232 827 399 871 sinimus,
425 833 690 864 recrementum
717 826 909 864 obsidione
933 839 1140 877 pressorum
1167 826 1272 864 vobis
1299 831 1505 876 vestraeque
1534 826 1630 871 fidei,
1658 839 1724 876 pro
1746 838 1790 862 ea

229 905 338 942 quam
369 891 496 942 geritis
527 903 616 941 erga
645 891 765 928 Deum
795 889 1037 940 hominesque
1069 889 1219 940 pietate,
1249 891 1567 928 commendantes:
1600 896 1636 928 et
1659 903 1723 938 vos
1750 889 1789 927 in

230 961 411 993 ueternum
442 956 542 993 Deus
571 956 630 993 ille
659 955 785 992 salutis
814 955 974 992 fortunet
999 954 1171 1005 beetque!

308 1020 417 1058 Datae
449 1034 468 1057 e
501 1020 605 1070 regia
636 1025 762 1057 nostra
792 1019 974 1063 GrenvieL
1019 1021 1064 1056 is
1097 1019 1155 1056 die
1186 1019 1322 1057 mensis
1356 1019 1460 1065 julii,
1501 1032 1599 1057 anno
1633 1018 1787 1058 Domini

227 1089 312 1135 post
348 1084 586 1121 millesimum
629 1084 967 1135 quingentesimum
1010 1084 1266 1134 nonagesimo,
1312 1085 1416 1135 regni
1452 1097 1538 1122 vero
1574 1085 1689 1122 nostri
1725 1085 1788 1123 tri-

228 1149 366 1186 cesimo
394 1149 567 1186 seeundo.

1319 1212 1675 1258 ELIZABETHA,
1714 1213 1759 1250 R.
