1845 3233
156 139 238 178 182
414 147 606 175 RICARDUS
639 148 762 175 coxus
794 147 847 174 An
878 146 1087 173 HENRICUM
1120 144 1420 172 BULmNGaRUM.
1573 128 1716 185 [must.

153 267 250 304 tibus
269 271 307 303 et
324 265 576 316 grassantibus
596 265 737 302 duobus
754 264 826 302 illis
847 263 1084 302 antichristis.
1140 262 1296 300 Interim
1315 267 1447 300 noctes
1464 265 1502 298 et
1520 260 1599 298 dies
1616 273 1721 299 oran—

156 331 223 368 dus
251 330 447 374 Dominus,
465 334 507 366 ut
526 334 703 378 exsurgat
720 334 758 365 et
773 327 995 378 dissipentur
1011 326 1156 364 inimici
1173 327 1265 376 ejus,
1295 332 1365 364 etc.

235 393 418 431 Dominus
436 392 460 430 J
463 406 546 430 esus
566 393 710 430 senium
729 398 833 429 tuum
851 391 1022 429 ecclesiae
1037 390 1149 429 faciat
1164 404 1245 429 esse
1257 390 1487 428 diuturnum!
1526 390 1610 441 Ego
1621 402 1721 435 vero,

156 470 293 495 annum
315 457 394 508 jam
418 470 536 507 agens
560 460 582 493 7
589 459 624 502 5,
650 470 716 507 per
744 455 817 494 Dei
836 455 995 505 gratiam
1024 455 1141 500 valeo,
1167 454 1240 492 nisi
1260 454 1360 506 quod
1384 467 1559 493 manuum
1587 459 1724 493 tremor

155 521 335 558 scribendi
353 521 515 559 officium
535 527 751 559 remoratur.
805 520 911 566 Vale,
930 519 970 557 in
988 518 1142 558 Christo
1164 519 1257 558 Jesu
1279 518 1391 557 frater
1409 518 1607 558 carissime.
1663 517 1723 556 Ex

156 584 296 623 Eliensi
314 585 435 624 insula
451 585 491 624 in
510 584 665 636 Anglia,
694 587 744 622 :20
763 584 787 622 J
790 584 868 630 ulii,
899 585 1012 622 1574.

720 666 792 705 Tui
819 664 1108 704 studiosissimus
1135 665 1176 703 in
1204 664 1355 704 Christo
1381 664 1504 713 frater,

1136 739 1422 787 RICARDUS‚

983 816 1145 855 Eliensis
1174 817 1344 856 ecclesiae
1371 816 1511 869 primus
1537 815 1719 854 minister.

504 883 762 910 INSGRIPTIO.

258 939 420 977 Eoeimz'oe
449 937 607 987 pietatis
634 940 746 985 atque
773 934 1000 972 eruditionis

311 1004 407 1047 viro,
453 1002 502 1038 D.
548 1001 713 1038 Henrico
757 999 993 1046 Bullingero,

310 1067 470 1105 ecelesia?
502 1065 694 1114 Tigurinoe
727 1065 877 1114 pastori
901 1064 1000 1112 vigi-

309 1132 533 1175 lautissimo,
561 1133 595 1167 et
611 1129 739 1181 fratri
764 1130 807 1166 in
844 1127 996 1165 Christo

311 1196 556 1234 dilectissimo.

662 1345 959 1388 EPISTOLA
999 1344 1199 1388 OXXII.

235 1492 545 1525 LAUREN'I'IUS
573 1491 870 1524 HUMFREDUS
897 1492 966 1524 AD
994 1489 1303 1523 RODOLPHUM
1332 1488 1650 1521 GUALTERUM.

237 1568 496 1606 IMMANUEL!
553 1567 591 1606 S.
611 1567 650 1605 in
667 1566 818 1606 Christo
835 1567 859 1605 J
864 1580 942 1614 esu,
957 1566 1289 1606 observandissime
1308 1566 1495 1604 Gualtere.
1551 1565 1664 1603 Redit
1681 1566 1728 1604 ad

158 1640 196 1671 te
227 1633 325 1670 filius
354 1639 451 1678 tuus,
483 1646 573 1679 non,
604 1638 646 1670 ut
679 1638 721 1670 tu
748 1632 887 1677 scribis,
916 1632 1108 1683 prodigus,
1137 1631 1202 1669 sed
1230 1636 1267 1668 et
1298 1630 1467 1668 doctrina
1495 1634 1533 1667 et
1564 1630 1731 1668 moribus

157 1697 332 1736 ornatior.
390 1697 490 1742 Quid
519 1697 619 1735 enim
644 1697 689 1734 de
721 1697 785 1735 illo
816 1697 987 1742 sentiam,
1017 1697 1094 1734 imo
1123 1695 1212 1747 quid
1236 1694 1380 1745 judicet
1410 1700 1492 1732 tota
1523 1694 1725 1741 academia,

156 1761 446 1812 locupletissimo
483 1761 733 1800 universitatis
769 1761 987 1799 testimonio
1023 1760 1132 1798 facile
1167 1759 1368 1810 apparebit.
1438 1759 1500 1797 Sic
1532 1759 1629 1809 apud
1659 1772 1728 1796 nos

157 1826 261 1872 vixit,
291 1831 333 1862 ut
364 1838 492 1863 omnes
527 1825 759 1870 modestiam,
795 1825 1006 1870 candorem,
1038 1824 1176 1862 multas
1208 1829 1246 1860 et
1276 1836 1432 1873 magnas
1465 1822 1620 1860 virtutes
1648 1823 1728 1874 ejus

158 1904 233 1928 uno
262 1902 323 1928 ore
350 1890 567 1940 praedicent,
594 1896 631 1927 et
655 1896 691 1927 te
722 1891 872 1928 beatum
900 1889 1101 1935 aestiment,
1133 1888 1193 1926 eui
1220 1888 1405 1926 Dominus
1433 1887 1547 1925 talem
1576 1887 1727 1925 Gualte-

159 1969 239 1994 rum
272 1961 310 1993 et
337 1955 499 1992 nominis
527 1960 564 1992 et
590 1955 739 2005 pietatis
770 1955 959 1993 haeredem
996 1954 1151 1992 dederit.
1220 1952 1401 1990 Salutabit
1430 1957 1468 1989 te
1505 1951 1581 1989 suis
1612 1951 1728 1990 literis

160 2020 351 2072 episcopus
387 2019 647 2058 Norvicensis:
682 2019 725 2057 de
759 2033 833 2070 quo
871 2019 1022 2057 homine
1049 2018 1142 2056 nihil
1178 2018 1321 2063 dicam;
1354 2030 1442 2054 nam
1474 2022 1511 2054 et
1541 2016 1609 2054 tibi
1639 2017 1730 2055 satis

159 2089 269 2121 notus
298 2090 366 2130 est,
400 2090 436 2121 et
464 2083 559 2121 filius
588 2089 673 2121 tuus
703 2084 811 2121 testis
839 2083 994 2121 idoneus
1026 2096 1105 2121 esse
1136 2087 1275 2134 potest,
1304 2081 1368 2132 qui
1397 2094 1587 2131 nunquam
1612 2081 1729 2132 ipsius

160 2162 248 2199 erga
286 2162 323 2186 se
358 2147 650 2186 munificentiam
688 2148 849 2186 clausam
890 2161 972 2185 esse
1012 2147 1179 2185 senserit.
1251 2146 1438 2192 Quoniam
1474 2158 1560 2183 vero
1596 2145 1656 2183 ille
1691 2152 1729 2183 et

160 2225 308 2250 causam
342 2212 482 2250 reditus
518 2218 556 2249 et
591 2212 663 2249 alia
699 2213 846 2263 generis
881 2212 1048 2263 ejusdem
1091 2225 1157 2263 per
1191 2211 1316 2248 literas
1353 2216 1526 2261 exponet,
1561 2223 1637 2247 non
1670 2215 1727 2248 est

160 2289 310 2314 necesse
337 2282 378 2313 ut
403 2276 501 2313 idem
528 2275 663 2314 frustra
689 2282 869 2327 repetam.

241 2339 472 2390 Significavit
506 2340 597 2377 mihi
634 2341 683 2378 D.
711 2340 956 2378 Parkhurstus
987 2340 1057 2378 tibi
1088 2339 1162 2377 hoc
1197 2339 1355 2390 placere,
1398 2343 1437 2376 et
1470 2337 1639 2375 intellexi
1681 2352 1727 2376 ex

163 2404 243 2442 aliis
271 2404 530 2454 Tigurinorum
561 2404 677 2441 literis
709 2404 850 2442 amicos
881 2410 1018 2455 petere,
1049 2409 1091 2441 ut
1123 2416 1223 2441 nunc
1256 2402 1326 2440 hac
1360 2407 1474 2440 aetate
1502 2407 1539 2439 et
1570 2402 1616 2439 de
1648 2415 1727 2440 ma-

162 2468 336 2506 trimonio
364 2474 402 2506 et
426 2469 470 2505 de
502 2468 708 2506 ministerio
742 2469 907 2519 cogitet;
942 2474 979 2506 et
1006 2473 1048 2506 ut
1079 2468 1114 2506 ei
1145 2467 1270 2505 omnia
1302 2472 1340 2505 et
1365 2466 1659 2518 auspicatissima
1690 2473 1728 2505 et

163 2532 387 2570 faustissima
415 2533 595 2578 accidant,
625 2533 759 2570 iterum
786 2539 896 2584 atque
922 2533 1057 2570 iterum
1083 2545 1222 2583 precor.

242 2597 441 2647 Exemplar
467 2602 570 2635 tuum
603 2598 647 2635 de
681 2597 821 2635 Christi
849 2598 1053 2649 praesentia
1079 2597 1118 2634 in
1145 2597 1251 2635 terris
1279 2596 1415 2647 accepi.
1473 2596 1574 2641 Quid
1603 2603 1727 2634 autem

162 2661 313 2700 reddam
341 2667 404 2698 aut
433 2674 621 2712 reponam,
650 2675 726 2699 non
754 2661 886 2707 habeo,
918 2661 991 2699 nisi
1018 2661 1114 2699 forte
1143 2662 1305 2700 Juellum
1331 2673 1467 2706 meum,
1500 2661 1576 2698 imo
1603 2663 1726 2711 potius

163 2731 281 2770 tuum,
307 2725 430 2764 videre
458 2726 595 2777 cupias,
621 2738 731 2776 quem
759 2738 824 2776 per
841 2726 886 2763 G.
907 2731 1076 2764 nostrum
1099 2726 1221 2773 mitto,
1248 2732 1287 2764 et
1308 2738 1415 2776 rogo,
1437 2730 1478 2763 ut
1502 2730 1540 2763 et
1564 2726 1726 2777 corrigas

166 2795 204 2826 et
229 2789 317 2826 boni
344 2790 513 2827 consulas
538 2790 726 2827 levidense
752 2790 1025 2828 munusculum.

242 2853 324 2891 Nos
354 2853 414 2892 hic
445 2854 517 2892 Dei
547 2854 728 2892 beneficio
757 2861 794 2892 et
824 2868 955 2905 pacem
985 2861 1024 2892 et
1052 2856 1304 2906 evangelicam
1335 2855 1573 2906 margaritam
1607 2856 1725 2906 possi-

167 2919 318 2962 demus3
357 2923 394 2954 et
429 2923 470 2955 ut
501 2918 563 2955 diu
598 2918 774 2963 fruamur,
809 2925 992 2970 optamus.
1054 2920 1206 2958 Vicinus
1241 2920 1360 2971 paries
1398 2920 1511 2967 ardet,
1547 2925 1586 2958 et
1620 2921 1725 2958 valde

166 2982 351 3028 timemus,
376 2994 421 3019 ne
445 2982 566 3033 aliqua
587 2982 684 3021 illius
709 2983 869 3022 incendii
893 2984 1053 3024 scintilla
1075 2998 1144 3024 nos
1166 2984 1216 3024 sit
1239 2990 1471 3036 conceptura.
1529 2984 1589 3024 Ita
1606 2984 1726 3023 securi
