1845 3233
120 126 256 183 xum]
652 139 705 164 AD
740 138 903 165 PETRUM
937 137 1178 163 MARTYREM.
1649 118 1701 158 61

199 253 327 290 Saluta
357 265 442 290 meo
473 252 626 289 nomine
659 264 810 290 uxorem
845 257 958 294 tuam,
1000 249 1047 287 D.
1081 248 1352 298 Bullingerum,
1392 247 1441 284 D.
1475 245 1706 289 Gualterum,

121 317 168 354 D.
198 317 434 360 Lavaterum,
464 316 512 354 D.
534 316 764 365 Zuinglium,
796 316 841 353 D.
867 314 1075 358 HaHerum,
1107 313 1155 350 D.
1182 312 1388 356 Wiekium,
1417 311 1465 349 D.
1484 311 1706 353 Gesnerum,

122 382 170 419 D.
202 381 374 425 Frisium,
406 381 454 418 D.
482 380 713 431 W‘olphium,
740 380 894 423 Jufium,
921 379 1073 422 Juliam,
1103 384 1141 415 et
1168 376 1430 427 Martyrillum.
1479 374 1706 420 Salisberioe,

121 450 143 483 7
166 446 270 484 Febr.
296 447 409 490 1562,
431 459 477 483 ex
498 445 650 495 Anglia.

869 509 939 547 Tui
968 508 1133 546 nominis
1161 505 1469 551 studiosissimus,

1052 595 1130 633 ιῘΟ.
1159 593 1410 638 JUELLIJS,
1439 593 1599 644 Anglus.

204 712 244 750 P.
267 712 304 749 S.
362 712 509 762 Regina
537 711 752 749 Elisabetha
781 724 931 748 omnem
957 716 1124 748 nostram
1151 715 1340 746 monetam
1365 720 1513 745 auream
1536 713 1705 757 argente-

121 790 256 827 amque
290 776 336 814 ad
368 777 561 827 pristinam
595 776 818 826 probitatem
851 775 1023 818 restituit,
1059 781 1096 811 et
1130 787 1258 824 puram
1292 778 1491 824 putamque
1523 771 1702 815 reddidit;

123 855 217 892 opus
240 841 350 891 plane
375 841 532 891 regium,
554 840 723 891 quodque
747 845 788 876 tu
814 839 954 876 mireris
980 846 1055 876 tam
1082 839 1183 876 brevi
1207 845 1373 890 tempore
1397 836 1562 888 potuisse
1587 835 1678 874 fieri.

467 953 730 979 ixscmm‘io.

207 1009 297 1045 Viro
321 1009 430 1056 longe
452 1008 679 1051 doctissimo,
704 1008 750 1044 D.
770 1007 885 1044 Petro
903 1007 1078 1054 Ilsarlyrz'

285 1074 479 1117 Vernzilio,
506 1072 714 1122 professori
741 1085 856 1108 sam-(e
881 1072 1080 1118 theologice

280 1139 318 1175 in
347 1138 477 1174 schola
501 1137 707 1184 Tigurina.
738 1138 893 1174 domino
924 1149 992 1173 sno
1020 1150 1079 1172 eo-

283 1203 507 1239 lenclixsimo.
570 1200 716 1249 Tiguri.

656 1548 955 1590 EPISTOLA
999 1549 1171 1591 XLIV.

274 1755 531 1787 JOHANNES
555 1755 769 1786 JUELLUS
798 1756 867 1786 AD
897 1755 1156 1788 IIENRICUM
1189 1755 1561 1787 BULLINGERUM,

204 1850 240 1887 S.
272 1851 343 1887 PL.
400 1849 473 1888 Vix
507 1849 703 1900 quicquam
737 1863 835 1888 nune
874 1856 1052 1901 superest,
1089 1850 1291 1888 clarissime
1323 1850 1377 1887 vir
1408 1856 1445 1888 et
1483 1850 1634 1890 domine
1670 1854 1707 1892 in

127 1914 280 1952 Christo
305 1915 576 1960 colendissimo,
601 1915 703 1966 quod
727 1914 774 1952 ad
796 1920 834 1952 te
858 1915 1039 1953 scribam:
1073 1915 1200 1952 omnia
1226 1915 1339 1959 enim,
1361 1927 1447 1966 quae
1469 1928 1563 1967 opus
1590 1925 1706 1964 erant,

126 1993 283 2031 qumque
313 1979 486 2017 scribenti
513 1980 770 2022 occurrebant,
798 1980 994 2031 perscripsi
1021 1980 1221 2030 diligenter
1243 1979 1288 2016 ad
1317 1979 1364 2016 D.
1394 1979 1545 2017 Petrum
1565 1981 1707 2023 Martv-

125 2057 217 2082 rem.
271 2044 413 2081 Tamen
441 2044 617 2095 quicquid
646 2051 713 2089 est,
743 2057 809 2094 pro
836 2044 1071 2081 observantia
1102 2050 1140 2081 et
1168 2057 1295 2081 amore
1321 2057 1410 2094 erga
1437 2049 1474 2081 te
1507 2058 1604 2091 meo,
1633 2028 1709 2086 non

126 2121 279 2159 possum
299 2114 336 2145 te
355 2108 594 2145 insalutatum
616 2108 816 2153 dimittere,
835 2109 967 2146 saltem
987 2115 1028 2145 ut
1045 2108 1235 2158 intelligas
1254 2121 1314 2145 me
1338 2109 1470 2153 vivere,
1491 2115 1529 2146 et
1547 2123 1614 2160 pro
1633 2113 1708 2150 tuis

127 2172 301 2209 maximis
334 2186 423 2223 erga
449 2186 508 2209 me
538 2172 778 2223 plurimisque
806 2172 947 2209 meritis
973 2185 1175 2209 memorem
1199 2185 1280 2210 esse
1304 2172 1370 2209 tui.
1426 2173 1707 2222 Parkhurstum,

127 2237 305 2280 Sandmn,
338 2237 533 2281 Levcrinii,
565 2237 766 2280 Elmerum,
796 2237 1016 2273 samsonem
1047 2236 1237 2273 biennium
1259 2236 1338 2286 jam
1364 2242 1487 2274 totum
1514 2251 1590 2276 non
1620 2240 1707 2285 vidi,

127 2315 194 2339 nee
214 2301 267 2338 illi
287 2315 358 2338 me.
414 2301 558 2339 Tamen
574 2300 666 2338 nihil
686 2300 844 2344 ‹lubitio,
874 2300 955 2337 illos
975 2314 1104 2338 omnes
1123 2313 1210 2350 erga
1229 2306 1280 2345 te,
1301 2306 1472 2352 tuosque,
1493 2309 1708 2356 vestrosque

128 2366 223 2403 adeo
249 2379 392 2409 onmes,
422 2379 465 2402 ea
489 2378 568 2402 esse
593 2365 796 2408 voluntate,
826 2378 897 2415 qua
921 2365 1068 2402 debent.

209 2429 266 2467 Ex
293 2429 422 2466 Scotia
448 2428 540 2465 nihil
569 2428 614 2465 ad
641 2442 710 2466 nos
735 2428 900 2466 adfertur
925 2428 1035 2466 novi:
1065 2428 1137 2465 nisi
1165 2429 1385 2480 religionem
1404 2430 1455 2468 ibi
1475 2436 1512 2468 et
1538 2434 1708 2471 secundis

128 2494 261 2531 animis
287 2493 415 2544 recipi,
439 2499 476 2530 et
499 2499 714 2530 constanter
740 2492 900 2535 defendi,
931 2499 968 2529 et
991 2493 1028 2530 in
1060 2493 1228 2543 singulos
1254 2494 1332 2531 dies
1358 2494 1467 2532 latius
1495 2499 1707 2547 propagari.

129 2559 314 2610 Reginam
333 2565 460 2595 tamen
480 2557 619 2594 scotiae
637 2557 787 2594 missam
807 2570 911 2594 suam
927 2556 1047 2594 adhuc
1067 2557 1170 2594 aiunt
1188 2558 1358 2596 retinere.
1389 2560 1494 2597 Deus
1509 2560 1574 2606 illi,
1589 2574 1708 2612 spero,

128 2623 326 2674 aliquando
355 2622 495 2673 aperiet
520 2622 670 2659 oculos:
701 2627 757 2659 est
783 2622 883 2659 enim
907 2621 1059 2672 alioqui,
1092 2627 1144 2659 uti
1169 2622 1316 2668 dicitur,
1340 2624 1470 2662 mulier
1495 2637 1570 2662 non
1597 2627 1709 2665 mala.

131 2688 286 2727 Utinam
308 2700 455 2738 prorsus
475 2686 619 2724 exuerit
639 2699 768 2723 omnes
788 2686 938 2737 spiritus
957 2692 1067 2738 atque
1087 2687 1232 2724 animos
1253 2687 1566 2740 Lotharingicos!

208 2752 321 2802 Apud
338 2765 407 2789 nos
426 2751 552 2788 onmia
571 2757 656 2788 sunt
674 2757 817 2801 pacata.
869 2751 1047 2801 Episcopi
1067 2751 1217 2802 quidam
1234 2753 1355 2802 pauci,
1376 2754 1440 2805 qui
1459 2755 1709 2806 superioribus

128 2817 210 2855 istis
238 2816 467 2866 temporibus
495 2815 675 2853 Marianis
701 2815 822 2852 insani
847 2822 966 2860 erant,
991 2829 1067 2853 non
1086 2822 1244 2866 possunt
1261 2816 1381 2855 adhuc
1401 2824 1478 2856 tam
1498 2819 1596 2857 brevi
1615 2825 1707 2858 tem-

131 2894 219 2931 pore
245 2881 335 2918 satis
355 2880 556 2919 verecunde
588 2880 706 2918 redire
731 2879 777 2916 ad
795 2880 1008 2918 sanitatem.
1067 2880 1196 2931 ltaque
1216 2888 1451 2920 asservantur
1471 2884 1509 2920 in
1533 2884 1635 2928 turri,
1661 2899 1708 2922 ne

130 2945 355 2997 contagione
394 2959 459 2984 sua
498 2945 666 2984 inficiant
702 2945 805 2983 alios.
842 2945 943 2997 Papa
980 2945 1076 2984 clam
1114 2945 1311 2997 palamque
1344 2947 1497 2986 molitur
1529 2956 1708 2999 quantum
