1845 3233
92 119 174 175 um]
410 134 616 162 JOHANNES
647 135 816 161 suemus
846 134 901 160 An
930 133 1072 160 JosmM
1107 133 1327 160 SIMLERUM.
1599 120 1656 165 ’75

87 245 253 284 oblivisci
288 258 365 283 non
400 260 571 297 possum3
606 260 715 298 quem
742 247 813 284 etsi
845 252 1171 292 commentantem,
1201 247 1434 292 scribentem,
1466 247 1652 298 legentem

90 310 216 347 multis
245 310 416 347 maximis
446 311 491 348 de
521 312 643 349 causis
676 311 835 349 admiror
863 317 901 347 et
930 323 1093 356 veneror,
1122 317 1159 348 et
1185 311 1223 348 in
1249 312 1367 349 oculis
1395 325 1499 362 gero,
1526 318 1653 350 tamen

89 386 175 410 cum
196 373 300 410 illum
328 374 456 424 cogito
488 375 593 413 senili
626 375 751 426 gibbo,
778 375 960 412 nitentem
991 374 1229 426 scipionibus,
1262 376 1470 414 trahentem
1500 377 1654 416 alterum

89 444 154 474 aut
185 444 378 489 utrumque
407 440 552 490 pedem,
576 439 772 489 diligenter
801 439 1169 489 circumspectantem
1197 440 1274 476 vias
1303 454 1349 477 ne
1377 441 1464 492 quid
1491 442 1654 480 incurrat

88 503 126 539 in
151 502 302 553 digitos,
322 503 483 541 molliter
501 517 543 541 ac
567 504 722 542 delicate
740 509 966 554 prementem
989 509 1136 548 terram,
1157 510 1195 541 ct
1213 504 1422 543 Chremetis
1444 505 1482 543 in
1500 507 1653 545 modum

90 579 193 617 aegre
222 573 260 604 ct
289 567 453 605 seniliter
477 568 711 613 tussientem,
740 568 847 606 crede
873 566 978 612 mihi,
1004 567 1118 604 risum
1139 573 1264 606 tenere
1288 569 1351 606 vix
1370 583 1532 621 possum.
1580 571 1651 609 Dic

90 631 178 669 dum
206 632 306 668 enim
333 631 436 677 mihi,
467 632 519 669 mi
543 633 660 678 Josia,
689 632 789 683 quod
818 632 914 669 istud
941 637 1000 668 est
1031 631 1202 669 senium?
1231 633 1288 670 vel
1314 647 1400 684 quie
1433 635 1557 686 potius
1581 637 1655 674 ista

89 701 146 732 est
185 695 463 734 dissimulatio?
533 697 740 734 Tantamne
777 695 1020 733 mutationem
1045 695 1180 733 factam
1216 710 1297 735 esse
1331 704 1408 735 tam
1435 700 1533 737 brevi
1559 706 1653 738 tem-

88 761 206 810 pore?
251 760 325 798 Sed
355 761 530 811 quicquid
560 767 630 805 est,
655 774 729 810 ego
758 767 795 798 te
827 766 918 810 puto
947 759 1137 809 hominem
1166 774 1247 799 esse
1280 762 1427 808 bonum,
1457 777 1527 801 nec
1553 765 1653 802 aliud

88 825 126 861 in
156 825 269 870 vultu,
297 825 396 862 aliud
425 825 463 862 in
497 825 591 876 pede
618 838 756 875 gerere.
813 825 1054 862 Hermannus
1083 838 1187 861 meus
1217 832 1374 877 tuusque
1402 841 1548 866 mecum
1583 836 1652 868 est.

90 889 242 927 Utinam
262 895 301 926 tu
320 890 469 927 adesses
489 891 584 926 una!
631 889 755 927 Facile
775 895 813 926 et
830 889 1015 939 podagras
1033 896 1070 926 et
1087 888 1220 927 fascias
1239 896 1276 926 et
1295 891 1444 929 baculos
1463 893 1651 943 abjiceres.

86 954 191 998 Vale,
220 954 270 991 mi
297 954 414 992 Josia.
470 953 644 998 Londini,
665 956 687 989 7
709 953 851 998 Martii,
875 955 985 990 1563.

814 1028 918 1065 Tuus
945 1029 983 1065 in
1013 1026 1174 1074 Christo,

979 1103 1267 1144 JOHANNES
1293 1107 1543 1148 JUELLUS.

347 1171 599 1197 1NscR1P'r10.

189 1225 347 1261 Doctzss.
363 1225 444 1260 viro
467 1224 512 1260 D.
527 1224 646 1260 Josiae
667 1223 842 1265 Simlero,

232 1289 432 1338 profitenti
468 1299 601 1324 sacras
639 1287 769 1323 literas
801 1286 842 1321 in

239 1353 366 1389 schola
398 1352 601 1400 Tigurina,
627 1352 753 1388 amico
776 1361 844 1386 suo

237 1418 350 1464 longe
368 1416 574 1452 carissimo.
632 1414 781 1461 Tiguri.

634 1652 931 1694 EPISTOLA
975 1653 1094 1695 LVI.

315 1828 570 1859 JoflANNEs
598 1829 809 1860 JUELhUs
836 1830 903 1860 AD
931 1829 1108 1860 JOSIAM
1136 1828 1406 1859 SIMLERUM.

158 1918 333 1954 SEMPER
363 1916 496 1961 amavi,
527 1916 737 1953 doctissime
766 1916 883 1961 Josia,
913 1915 1195 1961 humanitatem,
1221 1916 1452 1961 suavitatem,
1481 1928 1644 1954 amorem

82 1989 196 2019 tuum.
266 1980 360 2024 Quis
404 1980 502 2017 enim
547 1993 622 2018 non
664 1986 762 2017 amet
807 1980 996 2018 hommem
1037 1979 1109 2018 hoc
1145 1980 1311 2030 ingenio,
1350 1980 1419 2018 hac
1456 1981 1643 2027 comitate,

81 2046 160 2084 istis
189 2044 315 2089 literis,
344 2043 397 2080 ita
421 2044 552 2081 veteris
578 2044 687 2082 amici
712 2057 929 2088 memorem,
957 2044 1008 2080 ita
1033 2044 1187 2095 denique
1218 2045 1445 2082 amabilem?
1507 2045 1645 2083 Verum

78 2124 161 2149 (rum
192 2109 238 2146 ad
259 2120 422 2145 amorem
447 2120 538 2157 erga
560 2113 598 2145 te
623 2121 747 2145 mcum
773 2107 865 2145 nihil
889 2109 1072 2146 videretur
1101 2108 1187 2146 addi
1216 2122 1339 2160 posse,
1365 2115 1405 2146 tu
1430 2117 1554 2147 tamen
1580 2116 1643 2147 tuo

78 2175 212 2212 merito
242 2172 331 2209 facis
363 2178 402 2208 ut
431 2172 594 2222 quotidie
623 2172 748 2209 videar
774 2172 908 2217 videre,
938 2178 977 2209 ut
1007 2172 1037 2209 si
1070 2185 1174 2210 amor
1204 2174 1387 2211 maximus
1414 2175 1534 2225 major
1559 2187 1641 2212 csse

80 2244 216 2288 posset,
250 2237 370 2287 magis
402 2249 537 2273 amem.

157 2302 295 2352 Recepi
328 2315 351 2337 a
380 2307 416 2337 te
447 2300 579 2338 cicona
608 2305 838 2350 argenteam,
867 2306 904 2338 et
934 2301 1046 2337 vitam
1080 2306 1190 2351 atque
1221 2302 1363 2339 obitum
1388 2302 1519 2352 optimi
1546 2302 1641 2340 illius

77 2367 186 2411 senis,
219 2366 319 2403 Petri
347 2364 534 2415 Martyris.
591 2364 636 2402 In
662 2365 791 2402 eicone
816 2365 965 2415 quidem
992 2365 1060 2402 etsi
1089 2365 1206 2402 multa
1234 2367 1383 2416 egregie
1406 2367 1640 2412 conveniant,

76 2438 202 2468 tamen
236 2436 314 2467 erat
341 2430 454 2467 etiam
483 2429 621 2480 aliquid
650 2429 775 2467 nescio
803 2430 903 2479 quid,
939 2429 977 2466 in
1014 2442 1087 2479 quo
1124 2429 1274 2467 artificis
1306 2430 1490 2468 solertiam
1522 2432 1642 2483 requi·

75 2508 204 2532 rerem.
278 2494 328 2531 Et
364 2494 452 2545 quid
492 2493 625 2531 mirum
659 2493 698 2530 in
740 2493 837 2530 illius
872 2493 1032 2530 hominis
1076 2493 1315 2531 similitudine
1350 2501 1507 2532 erratum
1545 2509 1639 2542 esse,

75 2560 179 2609 cujus
226 2559 393 2609 equidem
437 2571 521 2596 cum
568 2557 695 2594 omnia
736 2557 1008 2608 circumspicio,
1055 2557 1114 2594 vix
1156 2557 1350 2608 quicquam
1391 2565 1483 2610 puto
1528 2560 1639 2598 fuisse

75 2623 227 2660 simile?
295 2622 478 2660 Libellum
520 2627 643 2659 autem
684 2627 787 2658 tuum
829 2622 1040 2659 avidissime
1076 2628 1114 2659 ct
1153 2635 1297 2659 summa
1332 2637 1415 2661 cum
1450 2625 1639 2675 voluptate

73 2688 224 2738 perlegi.
292 2687 427 2725 Videre
455 2686 552 2723 enim
587 2685 678 2723 mihi
705 2686 852 2724 videbar
880 2686 982 2723 illum
1013 2687 1134 2737 ipsum
1167 2700 1305 2733 senem,
1339 2702 1497 2739 quocum
1529 2696 1640 2728 antea

73 2751 288 2789 suavissime
320 2751 496 2796 vixeram,
535 2763 617 2787 cum
655 2750 780 2787 nescio
816 2763 889 2800 quo
926 2756 1035 2800 pacto
1070 2751 1221 2801 propius
1256 2752 1369 2790 etiam
1405 2760 1442 2791 et
1475 2753 1638 2804 penitius

74 2815 208 2860 videre,
238 2828 348 2866 quam
376 2828 460 2853 cum
492 2828 564 2853 una
593 2827 676 2852 cum
709 2814 772 2852 illo
801 2814 971 2852 viverem.
1039 2816 1257 2852 Stancarum
1287 2822 1411 2854 autem
1440 2818 1637 2856 obscurum

72 2885 109 2916 et
134 2879 355 2917 insolentem
386 2893 562 2926 scurram,
585 2892 695 2929 quem
720 2892 794 2929 ego
822 2891 1010 2930 nunquam
1037 2886 1165 2917 natum
1198 2880 1396 2927 audieram,
1427 2887 1465 2918 ct
1491 2888 1634 2933 argute,

73 2949 111 2980 et
150 2944 368 2994 pererudite,
409 2957 542 2995 neque,
579 2943 632 2981 uti
665 2956 787 2993 spero,
824 2943 903 2980 sine
942 2956 1081 2994 magno
1113 2944 1280 2983 ecclesia:
1313 2947 1513 2984 commodo
1547 2959 1636 2985 con-
