1845 3233
103 120 272 178 XXXVI-J
427 135 634 162 JOHANNES
663 133 834 160 JUELLUS
866 133 920 158 AD
951 133 1113 160 PETRUM
1146 133 1389 158 MARTYREM.
1628 119 1682 160 53

104 251 333 304 periscelide.
390 250 531 288 Succus
557 261 704 299 semper
722 247 846 285 venire
873 246 1021 292 dicitur,
1051 253 1163 297 atque
1184 246 1297 283 etiam
1325 258 1424 284 nunc
1453 258 1534 283 csse
1560 245 1598 282 in
1626 245 1687 282 iti-

103 332 204 364 nere,
232 323 269 355 et
286 316 380 353 velle
403 314 620 366 propediem
643 312 846 364 appellere:
877 317 1003 348 tamen
1032 311 1105 356 ille,
1134 311 1233 362 quod
1258 311 1386 356 sciam,
1414 311 1548 362 pedem
1570 323 1685 347 unum

103 396 180 420 non
201 385 410 432 promovet.
457 378 535 416 Hic
553 391 654 415 nunc
673 390 805 415 omnes
824 389 970 427 pacem,
990 375 1118 413 nescio
1138 388 1265 426 quam,
1287 374 1365 412 fore
1384 374 1615 426 praedicatum
1647 380 1686 411 et

105 447 150 484 de
181 443 446 484 constituenda
473 442 657 492 religione
684 440 891 492 exspectari
920 439 1118 478 concilium
1143 439 1244 477 orbis
1275 445 1454 476 terrarum
1483 438 1682 490 publicum.

105 511 160 549 At
193 524 265 561 ego
297 522 368 547 nec
400 519 532 558 pacem
565 506 622 544 his
654 505 886 556 temporibus
919 504 1118 542 convenire
1150 517 1262 554 posse
1290 504 1461 549 arbitror,
1487 516 1555 540 nec
1585 502 1686 540 coire

104 576 313 614 concilium.

185 640 330 684 Habes,
360 638 412 675 mi
442 643 558 688 pater,
584 648 668 686 quae
697 648 795 672 nunc
818 634 918 685 apud
942 646 1011 671 nos
1035 632 1208 671 dicuntur
1234 646 1340 671 nova.
1400 632 1505 670 Bene
1526 632 1620 676 vale,
1647 636 1686 668 et

105 712 142 742 to
162 717 248 742 cura
265 704 272 740 !
332 702 491 740 Curabis
511 701 637 737 animi
656 699 859 736 dimidium
877 699 961 734 mci.
1008 696 1135 734 Saluta
1154 697 1335 748 optimam
1354 697 1455 734 illam
1475 696 1684 740 mulierem,

102 782 256 806 uxorem
271 773 389 812 tuam,
412 767 458 803 D.
474 764 746 814 Bullingcrum,
768 763 815 800 D.
833 762 1063 808 Gualterum,
1084 762 1133 800 D.
1151 761 1361 806 Simlcrum,
1383 762 1432 799 D.
1447 760 1684 805 Lavaterum‚

107 834 156 871 D.
182 831 397 883 Volphium,
425 831 474 868 D.
504 828 711 872 Ilallerum‚
738 827 784 864 D.
810 827 1030 871 Gesnerum,
1061 826 1110 864 D.
1132 826 1305 871 Frisium,
1334 825 1383 863 D.
1409 825 1685 870 Hermannum,

107 899 154 936 D.
175 899 195 935 J
202 897 331 942 ulium,
351 896 372 933 J
379 895 504 939 uliam,
526 891 786 942 Martyrilluin.
844 890 1069 935 Salisberiae‚
1093 893 1138 927 17
1160 891 1182 928 J
1188 890 1267 936 ulii,
1290 892 1403 927 1560.
1459 889 1628 941 Raptim.

1009 955 1300 994 JOHANNES
1328 954 1580 999 JUELLUS,

576 1034 843 1062 rNscmP'rlo.
1352 1032 1398 1057 ex
1418 1020 1543 1058 animo
1561 1026 1659 1057 tuus.

216 1092 467 1128 Ornatissimo
489 1092 573 1128 viro
594 1091 667 1128 Do.
688 1090 800 1126 Petro
821 1086 1003 1135 Mem-tyri
1029 1087 1116 1123 Ver-

265 1156 385 1198 milio,
400 1155 603 1203 profitenti
623 1166 754 1191 sac-ras
772 1155 905 1191 literas
925 1153 967 1188 in
980 1151 1109 1188 schola

264 1220 471 1268 'figur-ina,
492 1220 645 1256 domino
660 1232 726 1256 suo
746 1219 1019 1255 colendissimo.

1047 1279 1197 1328 Tiguri.

600 1456 900 1499 EPISTOLA
943 1454 1206 1497 XXXVII.

186 1601 441 1633 JOHANNES
470 1601 822 1634 PARKHURSTUS
850 1602 917 1633 AD
947 1600 1207 1633 HENRICUM
1238 1599 1611 1631 BULLINGERUM.

187 1678 347 1716 TANT1s
377 1679 616 1729 negotiorum
643 1679 753 1717 undis
781 1679 979 1725 adobruor,
1001 1678 1054 1715 mi
1082 1677 1312 1728 Bullingere,
1339 1682 1380 1713 ut
1405 1689 1520 1726 cogar
1546 1675 1691 1713 brevior

110 1756 190 1780 esse
206 1756 318 1794 quam
343 1744 487 1781 vellem.
535 1743 707 1781 Breviter
725 1757 817 1794 ergo
836 1744 910 1781 tuis
928 1743 1149 1793 respondeo,
1171 1742 1283 1792 idque
1302 1741 1445 1780 ordine.
1501 1739 1691 1778 Burchero

108 1821 288 1859 perquam
317 1807 488 1845 lubenter
514 1807 756 1853 benefaciam,
786 1814 866 1844 tum
895 1807 993 1844 illius
1023 1813 1104 1844 tum
1133 1806 1187 1843 tui
1217 1805 1330 1843 etiam
1361 1818 1483 1843 causa.
1533 1804 1689 1843 Utinam

111 1871 290 1910 Burcheri
327 1872 494 1910 moribus
534 1872 724 1910 Burchera
758 1872 1022 1922 responderet!
1062 1871 1129 1908 sed
1158 1870 1230 1908 hoc
1258 1870 1327 1907 tibi
1357 1870 1439 1908 soli.
1495 1869 1692 1907 Gualterus

112 1949 233 1973 ineam
261 1935 392 1973 fefellit
421 1937 753 1987 exspectationem,
783 1935 877 1973 nihil
904 1936 950 1973 ad
979 1949 1039 1973 me
1063 1936 1141 1986 jam
1163 1934 1338 1972 scribens.
1395 1934 1463 1972 Fui
1486 1934 1523 1971 in
1546 1934 1697 1972 aedibus

112 2000 235 2045 Abeli,
267 2013 351 2037 cum
379 2000 489 2038 fascis
513 2001 703 2038 literarum
727 1999 950 2038 adferretur:
980 2006 1060 2037 tum
1086 2005 1213 2036 tamen
1239 1999 1421 2049 temporis
1446 2005 1582 2049 praeter
1607 2005 1691 2035 tuas

112 2071 150 2101 ct
171 2064 194 2101 J
199 2063 263 2100 ulii
292 2064 416 2101 literas
437 2064 558 2101 nullas
582 2064 738 2116 accepi;
774 2065 873 2115 quod
899 2064 1005 2102 valde
1033 2077 1115 2101 sum
1139 2063 1306 2102 miratus,

193 2129 251 2166 De
280 2134 379 2165 statu
404 2128 512 2178 regni
542 2129 579 2166 in
611 2129 795 2179 religione
825 2129 877 2166 sic
906 2128 1057 2166 habeto.
1114 2128 1247 2166 Multis
1274 2128 1345 2179 piis
1373 2127 1501 2165 omnia
1524 2127 1687 2178 placent,

111 2193 205 2231 mihi
227 2192 386 2244 paucula
406 2192 524 2229 adhuc
551 2193 772 2243 displicent:
802 2193 866 2230 sed
890 2205 998 2243 spero
1016 2192 1181 2230 meliora.
1239 2192 1326 2230 Plus
1347 2192 1475 2243 paucis
1496 2191 1691 2228 mensibus

113 2258 216 2296 Scoti
236 2258 275 2294 in
295 2270 380 2294 vera
396 2256 578 2305 religione
596 2256 847 2307 profecerunt,
870 2270 980 2307 quam
998 2269 1068 2294 nos
1092 2256 1219 2294 multis
1241 2256 1359 2294 annis.
1417 2256 1521 2293 Inter
1542 2256 1688 2299 Scotos,

114 2323 241 2361 Gallos
258 2327 295 2359 ct
310 2334 391 2365 nos,
411 2319 556 2371 (dedito
575 2321 714 2372 oppido
735 2321 865 2372 Leith)
879 2321 1017 2358 coaluit
1035 2334 1124 2371 pax:
1146 2321 1378 2358 conditiones
1393 2321 1440 2358 ad
1459 2325 1495 2356 te
1511 2319 1690 2370 perscrip-

113 2389 160 2426 sit
176 2387 329 2425 Abclus.
359 2385 531 2422 Caletum
548 2397 623 2421 non
638 2391 695 2422 est
710 2385 850 2423 anobis
869 2390 1144 2435 recuperatum3
1162 2385 1238 2422 imo
1258 2384 1350 2422 nihil
1366 2385 1439 2422 tale
1454 2390 1651 2421 tentatum.

192 2451 318 2489 Saluta
344 2462 430 2486 meo
461 2449 613 2486 nominc
646 2449 827 2500 optimam
856 2455 958 2487 tuam
987 2450 1201 2500 conjugem,
1236 2449 1344 2494 filios,
1375 2448 1481 2494 filias,
1513 2461 1687 2499 genero&

111 2524 150 2555 et
180 2528 309 2554 omnes
337 2514 435 2551 viros
462 2513 594 2550 doctos
617 2519 653 2550 et
678 2513 817 2551 amicos
844 2526 958 2551 meos.
1015 2513 1117 2565 Opto
1140 2513 1266 2551 onmia
1289 2513 1532 2564 prosperrima
1554 2518 1687 2550 vestrm

113 2581 269 2624 civitati,
291 2585 401 2630 atque
425 2577 517 2615 adeo
536 2578 721 2614 universae
746 2578 1012 2628 Tigurinorum
1038 2578 1182 2616 ditioni.
1239 2577 1347 2615 Uxor
1366 2590 1449 2615 mea
1477 2577 1582 2615 vobis
1608 2589 1687 2614 0111-

113 2646 221 2684 nibus
258 2644 413 2681 multam
446 2641 557 2692 jussit
594 2642 751 2679 adscribi
789 2642 958 2680 salutem.
1025 2642 1130 2680 Vale.
1192 2642 1357 2693 Raptim.
1427 2642 1603 2688 Londini,
1636 2644 1688 2678 23

116 2709 277 2760 Augusti
311 2710 424 2746 1560.
1153 2707 1266 2752 Turm,

854 2771 1142 2811 ιΙΟΗΑΝΝΕΞ
1173 2772 1582 2812 PARKHURSTUS.

509 2841 770 2867 lecan'rto.

245 2897 467 2934 Clarissimo
488 2898 569 2933 viro
587 2897 634 2934 D.
658 2897 827 2934 Henrico
847 2896 1083 2946 Bullingero.

1052 2962 1199 3011 Tiguri.
