1845 3233
167 131 250 172 130
693 147 859 175 neonus
890 146 1185 173 mmnncroncs
1585 128 1725 185 [EPIST-

162 273 313 299 canam:
344 265 367 282 ‘⁴
385 261 424 298 Si
444 274 520 299 non
545 262 747 300 meminero
764 263 831 308 tui,
847 262 1067 307 Jerusalem,
1087 261 1125 298 in
1143 261 1323 312 principio
1342 261 1486 298 laetitiae
1508 273 1618 306 meae,
1640 259 1730 297 obli—

160 324 260 361 vioni
288 325 395 362 detur
420 326 571 363 dextera
597 327 717 364 mea.''

238 387 394 426 Audivit
418 390 613 439 prudentia
639 397 715 437 tua,
737 391 826 428 licet
847 403 940 436 sero,
961 389 1056 427 sicut
1081 389 1222 435 scribis,
1249 390 1295 427 de
1322 390 1437 428 turbis
1464 389 1611 435 nostris,
1642 401 1730 440 quae

157 464 285 502 aspere
303 458 341 490 et
359 454 480 491 subito
503 454 542 492 in
567 468 634 492 nos
652 455 808 500 irruere;
835 461 873 492 et
896 454 1022 500 etiam,
1042 467 1152 505 quam
1170 454 1264 492 bene
1290 461 1377 492 sunt
1401 453 1635 504 consopitae;
1664 452 1731 490 sed

160 516 302 553 utinam
330 517 507 556 extinctae
535 519 661 557 liceret
687 519 832 557 dicere!

240 580 286 618 In
309 582 487 631 proximis
514 583 607 621 meis
634 583 681 621 ad
704 589 742 621 te
768 583 896 629 literis,
919 583 1107 634 Reginam
1133 583 1329 621 Scotorum
1356 584 1403 622 ad
1429 597 1499 622 nos
1522 582 1733 633 confugisse

160 645 315 691 narravi,
342 652 380 683 et
404 652 540 684 statum
566 654 733 686 nostrum
762 662 847 686 cum
873 648 1012 699 populo
1037 648 1124 687 Lais
1150 648 1303 686 contuli.
1359 648 1521 686 Verebar
1550 662 1598 685 ne
1623 646 1730 685 vobis

161 709 336 757 eveniret,
357 711 457 761 quod
475 712 547 749 illis
573 712 750 763 contigit;
773 719 811 750 et
829 713 928 764 quod
945 714 1106 758 verebar,
1127 713 1261 752 evenit.
1319 712 1489 751 Comites
1508 712 1731 751 Northumb.

161 778 199 810 et
222 773 421 812 Westmor.
441 776 538 814 inter
556 790 648 829 quos
666 777 808 815 medius
833 790 904 828 ego
929 776 1071 824 habito,
1096 778 1333 815 rebellionem
1353 783 1537 829 parantes,
1563 791 1583 814 e
1601 788 1734 814 somno

160 850 228 874 nos
262 839 514 886 concitarunt3
549 847 587 878 et
623 842 798 892 quamdiu
831 847 1016 892 poterant,
1049 855 1194 880 summa
1220 856 1304 880 cum
1336 842 1372 880 vi
1408 842 1730 893 persequebantur.

163 902 351 953 Religioni
376 910 414 942 et
436 905 615 943 ministris
638 906 794 957 singulis
818 906 892 944 vim
919 919 1069 944 omnem
1094 907 1338 944 intentabant.
1397 907 1582 944 Dominus
1605 911 1733 943 tamen

161 979 231 1004 nos
257 980 387 1007 omnes
417 983 463 1007 ex
492 983 556 1008 ore
583 971 732 1008 leonum
764 971 911 1022 eripuit,
943 971 1084 1009 illaesos
1115 971 1265 1022 quidem
1288 984 1454 1023 corpore,
1480 971 1549 1009 etsi
1575 968 1735 1008 fortunis

163 1031 334 1071 omnibus
372 1040 504 1072 exutos
541 1041 578 1073 et
614 1036 721 1073 bonis
759 1036 948 1086 spoliatos.
1015 1036 1165 1074 Miraris
1199 1036 1307 1082 forte,
1341 1037 1441 1074 unde
1477 1036 1550 1073 1100
1587 1035 1732 1073 evenit:

160 1096 318 1134 mundus
354 1111 430 1136 non
465 1100 603 1150 patitur
630 1101 731 1138 duos-
756 1101 867 1146 soles,
899 1100 1035 1138 nedum
1065 1114 1223 1152 regnum
1255 1102 1345 1138 duas
1374 1100 1523 1151 reginas
1554 1106 1619 1138 aut
1649 1099 1734 1137 reli-

161 1160 302 1209 giones.
363 1162 614 1203 Lovanienses
644 1165 764 1203 nostri
800 1165 918 1203 bullas
947 1166 1097 1216 papales
1124 1166 1377 1216 impetrarunt,
1407 1171 1448 1202 ut
1483 1166 1660 1216 populum
1688 1164 1734 1202 ab

161 1224 373 1264 obedientia
400 1228 517 1279 regiae
553 1230 739 1280 majestati
767 1230 892 1268 debita
928 1231 1182 1269 absolverent:
1221 1230 1284 1281 qui
1313 1231 1361 1267 ad
1388 1229 1564 1267 ecclesias
1590 1234 1627 1266 et
1654 1242 1733 1279 pre-

159 1301 220 1326 ces
250 1297 394 1329 nostras
421 1306 499 1331 non
520 1294 675 1345 amplius
701 1295 955 1341 convenirent,
981 1295 1129 1333 illorum
1153 1308 1362 1346 synagogae
1386 1294 1732 1337 reconciliarentur;

160 1358 198 1389 et
224 1362 458 1405 peccatorum
478 1359 644 1396 omnium
669 1360 813 1397 veniam
840 1359 953 1397 etiam
979 1360 1153 1410 neglecto
1178 1359 1393 1410 purgatorio
1412 1363 1734 1410 consequerentur,

159 1419 222 1470 qui
254 1420 335 1459 istis
366 1435 405 1460 se
435 1424 703 1463 submitterent.
760 1425 966 1463 Multorum
993 1425 1127 1463 animis
1153 1424 1214 1462 11110
1240 1425 1450 1475 impietates
1476 1423 1529 1461 sic
1556 1423 1733 1466 insident,

159 1490 200 1521 ut
231 1498 279 1522 an
311 1499 471 1538 unquam
505 1488 680 1527 eradicari
710 1494 897 1540 poterunt,
929 1489 1105 1527 dubitem.
1169 1489 1348 1527 Nonnulli
1382 1488 1440 1526 his
1473 1488 1519 1525 de
1551 1489 1660 1525 rebus
1693 1485 1733 1524 in

158 1562 302 1587 carcere
331 1552 561 1591 detinentur:
593 1554 701 1591 multi
724 1554 911 1604 fugerunt,
939 1555 1002 1592 sed
1033 1554 1199 1592 maxima
1226 1567 1311 1604 pars
1334 1553 1469 1598 latitat,
1498 1553 1732 1591 occasionem

159 1626 339 1652 novorum
359 1618 585 1655 tumultuum
611 1623 831 1669 exspectans
849 1618 968 1656 avide.
1025 1619 1084 1656 Ex
1102 1617 1346 1656 nobilioribus
1369 1616 1481 1668 aliqui
1506 1630 1544 1655 se
1564 1617 1622 1655 1113
1641 1632 1732 1656 eon-

153 1677 378 1726 junxerunt:
413 1683 477 1719 sed
506 1683 626 1720 bonus
656 1689 782 1720 noster
806 1683 991 1721 Dominus
1017 1697 1082 1721 eos
1101 1696 1232 1721 omnes
1254 1695 1318 1732 spe
1346 1695 1412 1719 sua
1437 1681 1631 1720 frustratus
1661 1688 1730 1728 est,

157 1747 195 1778 et
221 1743 475 1783 Elizabetham
494 1753 660 1785 nostram
678 1748 787 1785 nobis
806 1748 1046 1793 conservavit,
1074 1754 1112 1785 et
1135 1747 1369 1786 conservabit
1385 1746 1461 1792 diu,
1480 1747 1580 1797 quod
1605 1760 1734 1785 omnes

158 1805 245 1844 boni
259 1813 336 1846 tum
357 1816 516 1860 sperant,
536 1817 615 1849 tum
627 1818 768 1863 optant.
807 1812 1103 1857 Northumbrius‚
1124 1813 1162 1850 in
1176 1812 1339 1850 Scotiam
1355 1812 1517 1861 fugiens,
1534 1811 1573 1848 in
1587 1825 1732 1850 carcere

157 1871 232 1909 illic
269 1873 465 1921 detinetur,
505 1889 590 1913 cum
627 1877 812 1914 nonnullis
847 1878 928 1914 aliis
961 1877 1126 1927 ejusdem
1161 1876 1345 1914 factionis.
1409 1875 1609 1914 VVestmor.
1645 1877 1730 1914 exul

156 1934 292 1973 ibidem
322 1944 477 1989 vagatur
507 1954 590 1977 cum
624 1942 765 1992 aliquot
793 1942 848 1979 sui
883 1942 1074 1979 similibus.
1132 1941 1177 1979 In
1206 1940 1379 1978 Flandria
1406 1940 1470 1977 alii
1495 1940 1729 1992 confugiunt,

156 2012 262 2049 opem
300 2003 462 2052 petituri,
499 2005 563 2055 qui
593 2005 663 2043 sibi
699 2011 785 2043 sunt
820 2006 972 2044 conscii.
1040 2006 1114 2043 Sed
1151 2005 1338 2043 Dominus
1369 2017 1447 2042 non
1484 2004 1604 2042 deerit
1641 2005 1728 2043 suis.

155 2064 331 2112 ι1110011113,
360 2067 477 2118 Regis
506 2069 702 2106 Scotorum
730 2075 832 2108 tutor
858 2076 895 2108 et
925 2071 964 2108 in
996 2084 1114 2121 regno
1146 2070 1342 2115 secundus,
1370 2068 1512 2106 insidiis
1537 2069 1730 2119 cujusdam

158 2127 275 2176 Scoti,
309 2144 419 2181 quem
450 2133 559 2171 morti
591 2134 877 2172 condemnatum
909 2135 1080 2182 servavit,
1113 2135 1332 2172 interemtus
1361 2140 1441 2179 est;
1471 2134 1570 2184 quod
1594 2134 1731 2171 multos

156 2192 274 2231 bonos
309 2196 408 2233 male
442 2196 575 2247 habet:
631 2212 718 2236 nam
754 2205 831 2237 erat
862 2199 916 2237 vir
955 2200 1074 2238 bonus
1106 2199 1145 2236 in
1177 2211 1309 2238 01111103
1341 2205 1379 2236 01
1420 2199 1543 2236 ])011111
1579 2198 1728 2236 111110113.

157 2255 293 2296 Melior
320 2259 513 2298 Scotorum
547 2275 630 2312 pars
662 2263 824 2313 Reginae
858 2269 1001 2302 nostrae
1031 2263 1176 2301 favent:
1216 2270 1358 2302 ceteros
1389 2264 1486 2301 ferro
1515 2268 1552 2300 et
1578 2262 1729 2302 flamma

154 2323 418 2373 persequimur.

235 2386 314 2424 Nos
343 2389 449 2439 gregi
473 2396 601 2428 nostro
627 2405 753 2430 sumus
786 2393 947 2431 restituti
972 2393 1046 2432 Dei
1072 2392 1276 2439 benefici03
1306 2398 1343 2429 et
1369 2392 1535 2444 quamvis
1561 2392 1726 2430 omnium

157 2450 271 2487 animi
296 2465 372 2490 non
392 2453 467 2490 sint
491 2460 568 2492 tam
593 2457 727 2506 pacati,
749 2471 858 2507 quam
887 2464 1067 2508 optarem,
1096 2464 1152 2495 est
1172 2463 1298 2495 tamen
1326 2463 1363 2494 et
1388 2457 1448 2494 1110
1474 2456 1567 2493 etin
1588 2457 1727 2503 Scotia,

157 2527 240 2551 cum
267 2515 410 2565 legibus
442 2520 669 2566 exercendis,
698 2527 780 2559 tum
806 2522 980 2573 religioni
1004 2523 1107 2560 locus
1133 2523 1248 2560 libere
1270 2522 1428 2559 relictus.
1486 2521 1631 2558 Vestris
1647 2534 1728 2571 pre-

158 2578 260 2615 cibus
298 2580 482 2619 Dominus
520 2583 621 2621 dabit
664 2585 829 2623 meliora.
896 2585 1146 2624 Londinensis
1180 2586 1375 2637 episcopus
1402 2586 1481 2636 jam
1516 2585 1635 2623 factus
1672 2590 1730 2622 est

158 2641 452 2695 archiepiscopus
497 2647 754 2695 Eboracensis,
796 2651 889 2688 mihi
934 2651 1149 2702 proximus3
1193 2651 1291 2702 quod
1333 2650 1482 2701 quidem
1518 2663 1592 2700 ego
1632 2649 1729 2687 serio

159 2707 317 2755 gaudeo.

236 2770 398 2809 Thomas
429 2773 590 2813 Leverus
619 2791 729 2827 quam
762 2779 921 2829 primum
962 2780 1176 2818 Londinum
1213 2779 1366 2824 venerit,
1398 2778 1559 2829 aliquam
1591 2779 1726 2817 collec—

159 2834 299 2871 tionem
333 2836 370 2873 in
401 2838 600 2877 subsidium
636 2842 747 2879 bonae
779 2850 920 2882 nostrae
955 2843 1242 2882 matrisfamilias
1276 2843 1388 2881 faciet
1423 2849 1461 2880 et
1491 2843 1728 2880 transmittet.

158 2898 244 2948 Ego
266 2899 344 2949 jam
368 2901 566 2949 mitterem,
595 2905 627 2942 si
659 2920 731 2956 quo
755 2908 867 2946 modo
894 2909 1045 2959 perferri
1078 2909 1230 2960 poterit,
1260 2908 1519 2957 intelligerem.
1575 2907 1730 2945 Mortuo

153 2963 231 3012 jam
254 2964 316 3002 diu
344 2965 441 3002 bono
471 2967 590 3005 Abelo
616 2976 755 3016 nostro,
781 2973 969 3011 communi
995 2973 1146 3020 nuncio,
1176 2972 1364 3024 quomodo
1390 2970 1452 3010 hae
1480 2972 1526 3009 ad
1552 2977 1591 3009 te
1618 2972 1728 3010 deve·
