1845 3233
168 157 226 196 98
275 168 524 194 LArnffirirs
545 166 804 201 HUMFREDus,
830 164 915 192 ETc.
939 163 994 189 AD
1019 161 1230 188 HENRICUM
1255 160 1557 186 BULLINGERUM.
1603 142 1750 198 [musr-

245 286 281 320 7.
338 283 396 320 Dc
415 294 528 319 nervo
544 287 667 318 autem
684 278 892 328 religionis,
913 275 1121 325 disciplina,
1143 274 1232 325 quid
1246 275 1441 312 dicemus?
1461 275 1576 313 Nulla
1593 281 1663 321 est,
1678 289 1750 313 nec

168 348 279 384 habet
295 359 398 383 suam
413 346 555 395 virgam
575 343 733 381 ecclesia
750 347 903 385 nostra3
924 340 1025 376 nulla
1043 351 1199 376 censura
1218 344 1422 378 exercetur.

245 414 280 448 8.
336 408 568 459 Conjugium
597 406 778 444 ministris
801 404 971 443 ecclesiae
998 402 1159 453 publicis
1177 403 1286 452 regni
1305 403 1454 453 legibus
1473 416 1691 441 concessum
1713 408 1751 440 et

168 475 350 512 sancitum
367 486 444 510 non
465 478 522 510 est
537 486 545 517 ;
575 472 640 509 sed
658 483 786 508 eorum
804 469 908 506 liberi
928 481 950 504 a
968 467 1158 504 nonnullis
1175 480 1243 517 pro
1262 467 1394 517 spuriis
1413 467 1605 505 habentur.

246 541 280 574 9.
336 536 524 575 Solemnis
542 534 782 585 desponsatio
801 533 844 570 fit
861 545 964 569 more
982 531 1129 582 rituque
1148 531 1333 581 papistico
1351 544 1417 581 per
1434 531 1626 569 annulum.

247 603 307 638 10.
362 600 542 638 Mulieres
561 599 683 637 adhuc
702 611 785 636 cum
804 597 888 634 velo
907 595 1159 647 purificantur.
1401 590 1403 593 ’

246 667 307 702 11.
365 664 412 702 In
439 663 625 713 regimine
651 661 906 700 ecclesiastico
933 661 1051 698 multa
1078 659 1375 698 antichristianae
1399 661 1567 698 ecclesiae
1592 660 1751 711 vestigia

167 735 364 770 servantur.
423 728 478 766 Ut
496 728 596 766 enim
616 727 707 765 olim
728 727 863 764 Romae
881 726 918 763 in
944 725 1026 762 foro
1051 738 1163 775 papae
1184 725 1319 762 'omnia
1335 725 1483 762 fuerunt
1500 725 1667 766 venalia:
1697 725 1751 762 sic

168 795 222 833 in'
238 792 515 844 metropolitani
548 791 649 829 curia
679 791 809 828 eadem
837 790 913 827 fere
943 789 1071 826 omnia
1097 794 1292 839 prostant3
1321 789 1552 839 pluralitates
1581 789 1752 827 sacerdo·

167 860 326 902 tiorum;
368 856 519 895 licentia
550 869 617 906 pro
649 868 726 892 non
756 854 965 899 residendo,
1002 866 1069 904 pro
1105 866 1181 890 non
1218 853 1400 891 initiando
1429 853 1555 899 sacris,
1586 866 1653 903 pro
1684 866 1751 890 esu

168 924 331 962 carnium
353 922 482 959 diebus
507 919 725 964 interdictis,
757 924 795 956 et
826 918 865 956 in
897 917 1195 968 quadragesima,
1226 930 1300 967 quo
1327 918 1440 955 etiam
1470 923 1650 968 tempore,
1677 918 1754 955 nisi

168 990 401 1039 dispensetur
426 991 464 1022 et
490 990 717 1029 numeretur,
745 983 894 1033 nuptias
921 982 1108 1020 celebrare
1136 981 1326 1032 piaculum
1354 987 1422 1020 est.

249 1054 307 1089 112.
361 1049 547 1088 Ministris
567 1048 709 1086 Christi
728 1048 843 1085 libera
861 1046 1090 1098 praedicandi
1109 1051 1274 1096 potestas
1291 1045 1466 1097 adempta
1484 1052 1564 1084 est:
1593 1046 1657 1097 qui
1670 1046 1750 1096 jam

168 1114 380 1155 concionari
400 1114 541 1159 volunt,
561 1112 600 1149 hi
617 1112 755 1149 rituum
774 1110 1054 1148 innovationem
1075 1110 1227 1147 suadere
1249 1122 1326 1147 non
1345 1110 1502 1155 debent3
1533 1111 1598 1148 sed
1616 1122 1750 1148 manus

168 1179 436 1230 subscriptione
454 1176 685 1216 ceremonias
703 1189 832 1213 omnes
850 1175 1056 1226 approbare
1075 1180 1272 1224 coguntur.

248 1246 307 1282 13.
363 1243 574 1286 Postremo,
599 1240 774 1277 articulus
794 1240 840 1277 de
858 1239 1042 1290 spirituali
1060 1239 1361 1285 manducatione,
1381 1239 1443 1290 qui
1463 1238 1612 1277 disertis
1630 1238 1751 1277 verbis

166 1308 409 1359 oppugnabat
430 1312 468 1344 et
492 1305 649 1343 tollebat
673 1305 809 1342 realem
836 1303 1077 1355 praesentiam
1106 1303 1147 1341 in
1174 1303 1410 1349 eucharistia,
1435 1309 1472 1341 et
1495 1303 1752 1341 manifestissi-

167 1386 266 1410 mam
291 1371 506 1409 continebat
526 1369 690 1407 veritatis
711 1368 1028 1420 explanationem,
1055 1368 1215 1405 Edvardi
1235 1368 1303 1406 VI.
1325 1367 1557 1418 temporibus
1576 1380 1751 1414 excusus,

166 1450 264 1475 nunc
292 1435 390 1486 apud
417 1448 487 1472 nos
516 1434 712 1484 evulgatur
737 1433 930 1470 mutilatus
958 1439 997 1470 et
1023 1438 1228 1471 truncatus

477 1524 735 1551 1Nsc111PT10.

270 1579 324 1616 D.
349 1580 517 1616 Henrico
542 1579 781 1625 Bzcllz'ngero,
805 1578 963 1613 ecclesaie

324 1643 517 1692 Tignrince
534 1644 713 1679 ministro
727 1641 962 1690 fidelissimo

322 1711 356 1746 el
393 1708 618 1751 doctissimo,
653 1707 706 1743 D⁰
735 1708 775 1742 z'n
810 1707 960 1743 Christo

327 1773 431 1809 nobis
459 1772 623 1808 colendo.

687 2011 986 2053 EPISTOLA
1029 2009 1232 2052 LXXII.

247 2190 502 2222 JOHANNES
530 2191 883 2223 PARKHURSTUS
911 2193 981 2223 AD
1010 2190 1270 2223 HENRICUM
1296 2190 1671 2225 BULLINGERUM·

249 2266 409 2303 Siamus
434 2266 485 2303 sis
508 2266 547 2303 in
575 2266 741 2314 Christo,
761 2268 902 2319 optime
930 2268 1158 2319 Bullingere.
1215 2267 1386 2305 Secundo
1410 2266 1599 2304 Februarii
1619 2267 1751 2319 scripsi

170 2331 216 2369 ad
240 2336 289 2376 te,
317 2336 354 2368 et
378 2344 453 2368 una
476 2344 561 2369 cum
590 2332 709 2370 literis
736 2333 821 2370 misi
845 2333 982 2383 viginti
1011 2337 1223 2377 coronatos,
1250 2331 1307 2368 vel
1331 2330 1461 2368 decem
1490 2337 1688 2378 coronatos
1714 2337 1752 2369 et

169 2407 334 2445 pannum
358 2407 426 2446 pro
449 2400 565 2445 toga:
603 2409 691 2433 nam
717 2396 789 2434 hoc
813 2396 924 2434 Abeli
949 2396 1100 2434 arbitrio
1121 2395 1286 2446 permisi.

247 2459 350 2497 Tuas
374 2459 500 2509 accepi
530 2461 580 2495 23
614 2460 722 2498 Maii.
778 2461 897 2498 Paulo
923 2466 1010 2512 post
1042 2459 1296 2498 Londinensis
1327 2459 1526 2510 episcopus
1561 2460 1753 2511 exemplar

168 2522 417 2572 responsionis
435 2528 514 2559 tuae
539 2524 586 2561 ad
604 2523 730 2562 literas
750 2524 942 2564 Laurentii
963 2524 1201 2576 Humphredi
1225 2529 1262 2561 et
1279 2522 1437 2561 Thomae
1457 2523 1677 2574 Sampsonis
1702 2525 1750 2561 ad

172 2598 234 2623 me
251 2585 364 2623 misit.
420 2586 518 2631 Quae
537 2588 731 2638 scripsisti,
743 2589 841 2640 typis
859 2589 957 2639 apud
975 2603 1044 2627 nos
1063 2589 1295 2640 excuduntur
1313 2594 1351 2625 et
1370 2588 1505 2626 Latine
1523 2593 1562 2624 et
1576 2586 1750 2638 Anglice.

171 2648 311 2699 Accepi
326 2655 505 2699 praeterea
525 2653 572 2688 122
592 2652 615 2689 J
618 2652 683 2689 ulii
700 2652 976 2691 confessionem
996 2653 1084 2691 fidei
1103 2652 1337 2698 orthodoxae,
1358 2666 1447 2690 sane
1463 2652 1749 2703 pulcherrimum

172 2713 349 2750 libellum.

252 2776 387 2814 Mense
405 2777 546 2814 Martio
566 2778 683 2817 Italus
699 2780 849 2830 quidam
869 2780 1041 2832 (vocatur
1059 2782 1181 2819 senior
1200 2781 1335 2827 David,
1354 2780 1645 2818 necromanticae
1663 2781 1754 2820 artis

172 2838 346 2891 peritus),
371 2840 410 2877 in
430 2853 570 2891 magna
595 2843 716 2892 gratia
739 2845 838 2894 apud
866 2844 1051 2894 Reginam
1072 2845 1226 2890 Scotiae,
1254 2858 1275 2882 e
1301 2845 1461 2894 Reginae
1484 2844 1666 2890 cubiculo,
1690 2845 1754 2883 illa

171 2910 370 2953 praesente,
414 2905 450 2941 vi
489 2910 687 2951 extractus,
725 2913 763 2944 et
800 2907 943 2958 aliquot
970 2908 1196 2958 pugionibus
1227 2907 1434 2954 confossus,
1464 2907 1598 2945 misere
1628 2908 1752 2958 periit.

170 2967 298 3006 Abbas
317 2967 481 3019 quidam,
510 2968 648 3006 ibidem
667 2971 892 3017 vulneratus,
922 2973 1038 3010 evasit
1064 2986 1179 3023 aegre,
1209 2972 1274 3010 sed
1296 2972 1407 3022 paulo
1430 2978 1518 3023 post
1535 2985 1581 3010 ex
1600 2972 1751 3011 vulnere
