1845 3233
100 162 259 219 xcv111.]
562 178 614 203 ,w
646 175 852 203 flmmeum
888 174 1134 201 mammeae
1143 173 1185 199 M.
1587 158 1666 199 149

96 292 258 345 vapulati
289 291 490 343 pleniorem
519 291 671 329 istarum
701 302 819 328 rerum
854 300 1015 331 sensum,
1046 288 1186 338 majore
1213 299 1295 324 cum
1325 285 1450 324 dolore
1483 297 1562 328 suo,
1593 284 1671 320 sine

98 357 171 395 ulla
199 355 351 394 remedii
374 369 439 406 spe
465 355 662 400 haurirent,
690 366 889 392 commune
912 351 1111 391 consilium
1143 352 1330 403 quoddam
1359 351 1503 393 ineunt,
1530 353 1568 386 et
1596 361 1672 386 una

97 421 202 472 quasi
226 433 316 458 voce
341 419 544 457 tollendum
572 420 790 462 clamitant;
820 418 858 455 id
877 417 975 469 quod
994 416 1148 467 egregia
1174 416 1314 453 astutia
1335 414 1403 452 hae
1428 413 1670 464 perfecerunt.

97 485 210 523 Venit
239 484 287 522 ad
318 497 403 522 eum
438 484 589 535 quidam
623 483 813 521 familiaris
841 483 920 532 ejus
951 495 974 518 a
1005 480 1270 518 mercatoribus
1297 479 1532 523 subornatus,
1564 477 1671 527 eujus

100 550 208 587 fidem
241 549 392 586 minime
424 555 632 600 suspectam
668 548 808 592 habuit,
842 546 937 584 clam
970 545 1004 582 ei
1035 546 1073 582 in
1103 557 1229 582 aurem
1260 543 1503 587 insusurrans,
1537 554 1669 579 navem

98 614 210 651 modo
243 626 290 650 cx
323 611 465 663 Anglia
495 613 693 664 appulisse,
727 611 855 648 nescio
889 623 982 661 quos
1014 608 1178 647 thesauri
1207 614 1354 645 montes
1387 620 1519 644 aureos
1551 606 1670 644 conti-

97 683 261 715 nentem.
330 678 464 715 Evolat
495 678 555 715 ille
585 676 764 715 continuo
793 674 933 726 praedae
966 687 1092 711 amore
1126 672 1391 717 inflammatus,
1425 684 1553 708 aurum
1587 672 1668 716 sibi,

98 742 241 779 caedem
267 742 531 780 mercatoribus
550 747 688 779 certam
706 753 857 777 vovens.
912 738 989 784 Qui
1007 744 1208 788 postquam
1227 749 1360 774 navem
1380 736 1671 780 conscendisset,

99 820 143 844 ea
178 807 215 843 in
248 820 379 844 omnes
412 806 491 856 ejus
524 805 683 856 angulos
713 809 938 855 proreperet,
964 803 1115 853 jamque
1152 802 1190 838 in
1228 801 1308 851 ipsa
1335 800 1437 838 navis
1467 799 1672 851 penetralia

99 871 340 922 prorupisset,
378 871 430 908 illi
468 869 600 908 clausis
637 868 762 906 subito
796 867 986 918 repagulis
1023 880 1066 904 ac
1103 865 1257 903 sublatis
1292 864 1394 910 velis,
1432 864 1595 901 secundo
1627 877 1670 901 ae

97 935 249 973 salutari
268 940 379 972 vento
398 934 436 971 in
455 933 634 984 Angliam
653 932 896 970 devehuntur.
955 931 1031 969 Hie
1051 944 1137 968 vero
1162 930 1228 974 illi,
1250 929 1280 967 si
1302 929 1349 966 ad
1375 942 1504 966 omnes
1524 928 1670 965 Turcici

98 999 240 1050 imperii
266 1012 378 1037 naves
408 998 589 1035 thesauris
619 1002 785 1041 onustas,
811 996 868 1033 vel
893 995 1101 1033 universam
1127 994 1367 1033 Venetiarum
1398 993 1552 1030 classem
1584 1004 1669 1030 cum

98 1064 173 1101 suis
200 1063 348 1108 divitiis,
374 1062 501 1100 obvias
522 1061 707 1112 etiamque
731 1060 875 1098 oblatas
900 1060 938 1097 in
965 1059 1094 1097 itinere
1119 1059 1347 1103 habuissent,
1374 1057 1549 1108 exiguam
1574 1056 1672 1096 hanc

97 1128 280 1166 naviculae
312 1140 390 1165 suae
421 1139 581 1165 mercem
617 1139 661 1164 ae
697 1126 769 1163 vile
801 1138 895 1162 onus
925 1124 1097 1162 omnibus
1130 1123 1202 1160 illis
1232 1123 1346 1173 gazis,
1380 1128 1437 1160 sat
1467 1121 1558 1166 seio,
1596 1133 1674 1158 non

97 1197 379 1243 permutassent.
434 1190 561 1241 Atque
586 1190 638 1227 ita
664 1189 825 1234 demum,
854 1202 991 1239 magna
1014 1187 1139 1239 populi
1162 1187 1321 1225 reditum
1350 1187 1384 1224 ei
1412 1199 1518 1224 suum
1548 1192 1672 1236 gratu-

97 1256 206 1294 lantis
236 1256 512 1307 exspectatione
540 1254 752 1292 Londinum
778 1254 969 1298 advectus,
993 1252 1193 1303 paulloque
1220 1257 1306 1302 post
1333 1252 1438 1289 laesae
1467 1249 1675 1299 majestatis

99 1321 254 1359 erimine
273 1320 554 1364 condemnatus,
573 1331 772 1370 suspensus
794 1323 831 1355 et
849 1318 1059 1361 dilaniatus,
1080 1316 1264 1354 secundus
1278 1329 1300 1353 a
1319 1316 1485 1357 Feltono,
1503 1314 1555 1365 (is
1573 1314 1673 1352 enim

102 1391 193 1429 erat,
233 1385 296 1435 qui
323 1384 441 1422 bullas
473 1383 623 1434 papales
652 1382 818 1433 episcopi
850 1381 1097 1420 Londinensis
1132 1380 1246 1418 valvis
1275 1378 1475 1430 affixerat,)
1507 1378 1674 1416 eeclesiae

99 1449 470 1499 Anglieo-Romanae
507 1447 627 1486 factus
659 1452 715 1485 est
742 1452 881 1497 martyr
912 1446 1073 1497 putidus,
1105 1444 1298 1496 pontificio
1332 1450 1543 1481 sanctorum
1569 1442 1675 1493 gregi

97 1513 427 1551 connumerandus.

176 1576 381 1615 Transmisi
410 1576 517 1614 vobis
539 1581 731 1628 praeterea,
754 1577 969 1626 Bullingere
993 1575 1057 1619 mi,
1084 1587 1150 1625 per
1172 1574 1410 1611 tabellionem
1429 1572 1528 1611 hunc
1547 1573 1675 1611 decem

99 1648 315 1687 coronatos,
335 1654 412 1679 non
440 1647 516 1678 tam
541 1653 677 1677 munus
701 1639 929 1686 honorabile,
949 1645 1015 1676 aut
1036 1644 1134 1676 certe
1157 1638 1407 1683 honorarium,
1428 1651 1539 1688 quam
1566 1637 1675 1676 bene-

98 1707 273 1745 volentiae
296 1720 386 1757 erga
408 1719 473 1744 vos
502 1718 599 1743 meae
622 1705 875 1756 qualecunque
902 1703 1181 1742 testimonium:
1202 1714 1295 1752 quos
1322 1715 1452 1739 omnes
1485 1701 1523 1739 in
1556 1700 1674 1751 hypo-

102 1777 232 1809 causto
261 1777 384 1809 vestro
419 1769 607 1809 communi
638 1769 806 1807 convivio
835 1769 873 1807 in
901 1768 1119 1807 memoriam
1147 1766 1266 1804 nostri
1293 1779 1411 1813 sacr0‚
1440 1765 1521 1804 sine
1552 1771 1677 1804 tamen

97 1836 288 1881 sacrificio,
318 1836 430 1873 dicari
456 1835 550 1873 volo.

180 1900 260 1938 Vos
282 1900 399 1937 valete
417 1913 491 1938 una
513 1913 643 1938 omnes
667 1914 709 1937 ae
732 1899 858 1938 felices
878 1898 1009 1936 vivite:
1038 1897 1163 1948 itaque
1184 1896 1288 1934 vobis
1313 1895 1358 1933 de
1385 1908 1444 1932 me
1467 1896 1679 1946 persuaderi

107 1964 219 2015 cupio
253 1970 365 2013 atque
397 1963 443 2000 de
476 1976 522 2000 eo
555 1963 695 2008 soletis,
725 1963 789 2013 qui
818 1962 928 2000 vestri
955 1974 1068 1999 causa
1099 1961 1254 1997 libenter
1281 1959 1383 2005 velit,
1408 1959 1585 2010 quicquid
1614 1965 1681 1996 aut

103 2028 263 2066 consilio
304 2027 493 2078 effingere,
534 2033 597 2064 aut
633 2027 770 2064 auxilio
805 2026 963 2071 efficere,
1000 2031 1064 2062 aut
1099 2023 1329 2074 cogitatione
1371 2023 1582 2073 complecti,
1617 2029 1682 2060 aut

105 2093 282 2130 facultate
307 2092 466 2142 (lenique
489 2092 661 2141 expedire
686 2090 812 2141 possit.
870 2090 1041 2128 Christus
1066 2089 1176 2126 Jesus
1204 2087 1395 2125 eeclesiam
1422 2100 1542 2132 suam,
1567 2101 1679 2138 quam

103 2157 272 2207 precioso
307 2157 492 2207 sanguine
527 2169 594 2193 suo
627 2156 800 2206 expiavit,
834 2160 965 2199 servet,
1001 2152 1294 2191 adversariorum
1327 2151 1493 2188 omnium
1526 2152 1681 2189 consilia

102 2222 219 2267 fallat,
253 2228 409 2259 conatus
433 2221 594 2264 frustret,
619 2219 786 2270 viresque
814 2218 985 2268 frangat!
1040 2217 1143 2263 Vale,
1169 2215 1424 2254 amantissime
1451 2216 1680 2266 Bullingerc‚

105 2292 143 2323 et
171 2286 252 2324 vive
281 2286 319 2324 in
348 2290 500 2324 auctore
529 2284 629 2323 vitae.
686 2283 860 2329 Londini,
891 2286 913 2319 8
942 2282 1117 2332 Augusti,
1148 2283 1260 2318 1571.

1010 2369 1128 2407 Totus
1157 2374 1256 2413 tuus,

1086 2450 1369 2489 ROBERTUS
1397 2449 1631 2489 WINTON.

413 2536 661 2563 1Nscn11‘T10.

213 2592 536 2629 Proeslanlissimo
567 2591 646 2627 viro
676 2590 722 2626 D.
758 2589 877 2625 Hem.

277 2657 498 2705 Bnllingcro
526 2656 674 2693 seniori.

680 2719 826 2767 Tiguri.
