1845 3233
193 132 249 171 42
730 140 917 167 ems-mus
947 138 1220 164 WIGORNENSIS
1619 125 1763 183 [ωηεν.

713 320 1012 364 EPISTOLA
1044 321 1234 364 XXXI.

346 519 573 550 EDWINUS
602 519 943 551 WIGORNENSIS
972 520 1040 551 AD
1071 519 1277 550 PETRUM
1307 518 1604 551 MARTYREM.

266 618 467 656 SALUTEM
501 618 540 654 in
574 616 737 654 Christo.
804 617 919 662 Quod
948 617 1069 654 nullas
1092 618 1171 667 jam
1203 616 1279 662 diu,
1309 616 1366 653 vir
1392 618 1604 662 reverende,
1634 617 1762 655 literas

185 685 232 722 ad
263 690 301 720 te
332 681 508 725 dederim,
543 694 620 718 non
651 680 763 718 officii
801 681 952 731 quidem
987 694 1078 731 erga
1108 686 1146 718 te
1178 681 1253 718 mei
1288 680 1438 726 oblitus,
1476 687 1541 718 aut
1576 681 1664 732 quid
1694 687 1760 720 tua

184 749 230 786 de
260 761 320 784 me
347 751 530 784 mereatur
555 744 765 781 humanitas
794 745 923 782 leviter
951 745 1199 795 perpendens,
1232 745 1271 782 id
1299 744 1394 790 feci3
1428 745 1493 782 sed
1520 746 1757 796 negotiorum

184 811 417 849 multitudine
436 810 600 853 obrutus,
627 808 811 845 scribendi
831 821 967 845 munus
986 821 1053 859 pro
1073 816 1241 859 tempore
1263 808 1402 847 invitus
1423 809 1619 856 intermisi,
1642 811 1756 861 quod,

183 889 267 913 cum
310 873 492 911 tabellarii
526 873 605 923 jam
648 885 728 909 sese
765 872 874 909 offert
905 873 1179 923 opportunitas,
1222 872 1362 910 diutius
1400 873 1644 912 differendum
1676 888 1755 913 non

183 952 329 977 censeo.
384 938 459 975 Sub
491 936 658 987 Augusti
690 936 841 973 initium
877 949 963 973 cum
1000 936 1126 974 literas
1165 937 1212 974 ad
1243 942 1282 973 te
1319 936 1518 983 dedissem,
1555 938 1595 976 in
1630 945 1757 990 partes

182 1003 334 1053 Angliae
364 1001 528 1039 boreales
555 1001 602 1037 ad
633 1001 770 1037 abusus
800 1000 970 1037 ecclesiae
1002 1000 1203 1045 tollendos,
1235 1006 1274 1037 et
1303 1001 1396 1038 ritus
1428 1002 1560 1052 pietati
1589 1007 1628 1040 et
1657 1016 1756 1041 verae

179 1066 350 1116 religioni
378 1070 627 1102 consonantes
652 1064 774 1101 eidem
797 1064 1059 1111 restituendos,
1085 1071 1265 1116 tanquam
1289 1065 1478 1115 inspector
1507 1071 1545 1102 et
1573 1067 1755 1113 visitator,

180 1137 222 1168 ut
251 1135 399 1174 vocant,
426 1142 511 1166 cum
533 1128 709 1179 principis
734 1128 910 1165 mandato
940 1128 1126 1174 dimissus,
1156 1134 1193 1166 et
1221 1128 1297 1165 illic
1322 1129 1369 1166 ad
1392 1129 1615 1168 Novembris
1638 1145 1755 1182 usque

181 1195 328 1232 initium
356 1194 501 1230 assidue
528 1192 569 1230 in
599 1192 771 1229 obeundo
801 1193 901 1243 quod
930 1192 1023 1230 mihi
1055 1193 1237 1231 creditum
1266 1199 1346 1230 erat
1375 1207 1542 1240 munere,
1571 1208 1650 1232 non
1673 1196 1755 1232 sine

179 1258 352 1296 maximis
387 1271 471 1295 cum
509 1257 675 1307 corporis
712 1262 790 1293 tum
827 1257 941 1293 animi
981 1257 1169 1295 laboribus
1203 1263 1381 1304 versatus,
1423 1258 1638 1297 Londinum
1672 1264 1755 1296 tan-

180 1323 263 1360 dem
290 1321 401 1365 redii;
430 1321 493 1358 ubi
514 1333 624 1358 novae
649 1334 774 1358 rursus
797 1334 896 1358 curae
923 1321 1185 1359 advenientem
1209 1328 1446 1372 exceperunt,
1466 1324 1657 1374 majorque
1689 1336 1755 1361 ne-

181 1387 368 1438 gotiorum
386 1386 505 1422 moles
522 1384 696 1422 humeros
715 1385 922 1435 premebat:
945 1399 1059 1436 opera
1083 1386 1183 1423 enim
1202 1399 1286 1423 mea
1304 1387 1343 1423 in
1363 1388 1582 1438 episcopatu
1600 1388 1755 1438 Wigor-

178 1451 298 1489 niensi
326 1449 617 1487 administrando
642 1462 664 1485 a
687 1449 853 1500 principe
882 1450 1153 1500 requirebatur,
1175 1451 1402 1501 tandemque
1426 1452 1626 1489 reluctanti
1656 1451 1754 1502 epis—

179 1515 263 1565 copi
292 1527 424 1551 munus
453 1514 667 1563 imponitur.
722 1514 835 1551 Volui
859 1514 1020 1564 quidem,
1044 1521 1086 1552 ut
1114 1520 1225 1552 antea
1257 1515 1550 1561 Carleolensem,
1577 1517 1624 1554 ad
1642 1529 1753 1567 quem

177 1579 390 1617 nominatus
425 1591 537 1622 eram,
567 1576 664 1614 hunc
693 1578 805 1615 etiam
834 1579 1092 1629 episcopatum
1122 1580 1277 1617 omnino
1307 1593 1495 1618 recusare:
1534 1586 1573 1617 at
1602 1580 1640 1617 id
1676 1593 1752 1618 non

178 1643 294 1687 licuit,
328 1642 400 1679 nisi
428 1647 465 1678 et
493 1641 669 1692 principis
699 1642 1002 1693 indignationem
1032 1643 1124 1681 mihi
1152 1657 1351 1694 procurare
1387 1650 1426 1681 et
1456 1644 1598 1682 Christi
1635 1645 1754 1682 eccle-

179 1707 273 1744 siam
297 1705 571 1756 quodammodo
605 1705 772 1744 deserere
797 1708 1007 1746 voluissem.
1063 1708 1139 1746 Sub
1170 1708 1254 1746 haec
1289 1709 1416 1746 literas
1440 1715 1522 1746 tuas
1548 1709 1652 1746 omni
1682 1708 1753 1746 hu—

178 1771 356 1808 manitate
386 1769 618 1819 plenissimas
644 1770 852 1809 Burcherus
881 1772 973 1810 mihi
996 1773 1165 1817 tradidit;
1194 1773 1328 1823 quibus
1352 1786 1419 1824 per
1441 1773 1614 1818 eundem,
1637 1786 1753 1823 quum

177 1834 265 1871 hinc
298 1834 513 1878 discederet,
548 1836 769 1884 respondere
798 1836 937 1882 distuli,
965 1837 1101 1887 partim
1128 1837 1230 1887 quod
1257 1850 1316 1874 res
1343 1837 1521 1887 Anglicae
1549 1842 1630 1873 tum
1657 1842 1753 1874 tem-

177 1897 277 1948 poris
308 1910 383 1934 non
413 1897 466 1934 ita
493 1904 664 1944 mutatae,
690 1899 754 1936 sed
784 1900 823 1936 in
853 1901 986 1938 eodem
1019 1901 1124 1951 quasi
1148 1901 1264 1951 gradu
1289 1901 1550 1946 consistentes,
1576 1901 1752 1951 exiguam

178 1961 361 1998 scribendi
387 1961 579 1998 materiam
608 1963 920 2013 suppeditabant3
954 1965 1090 2015 partim
1117 1978 1218 2010 vero,
1250 1965 1350 2016 quod
1370 1978 1512 2002 novum
1537 1966 1629 2003 illud
1657 1979 1753 2003 onus

178 2024 249 2076 (sic
283 2025 380 2062 enim
412 2025 532 2062 verius
561 2039 672 2076 quam
705 2026 824 2065 honos
855 2029 928 2066 dici
962 2028 1104 2080 potest)
1140 2029 1249 2067 novis
1287 2030 1384 2067 curis
1421 2035 1458 2067 et
1493 2029 1659 2080 negotiis
1689 2042 1752 2066 me

174 2088 308 2125 mirum
339 2090 378 2126 in
410 2090 561 2127 modum
591 2089 829 2130 distrahebat.
885 2093 945 2130 En
975 2093 1140 2130 diuturni
1165 2093 1303 2131 silentii
1332 2094 1407 2131 mei
1443 2106 1593 2132 causam
1623 2093 1750 2138 habes,

174 2152 230 2189 vir
256 2153 454 2203 plurimum
484 2154 724 2192 observande.

260 2217 504 2255 Eucharistiae
535 2218 716 2263 doctrina,
750 2219 928 2258 hactenus
959 2222 1032 2259 Dei
1060 2223 1244 2260 beneficio
1271 2236 1348 2260 non
1380 2223 1609 2274 impugnata,
1640 2223 1751 2260 nobis

176 2283 275 2320 salva
296 2288 333 2319 et
365 2282 560 2319 incolumis
589 2289 728 2328 manet,
758 2297 1044 2336 mansuramque
1071 2299 1285 2337 speramus;
1318 2300 1386 2338 pro
1414 2287 1552 2325 viribus
1582 2287 1683 2324 enim
1714 2293 1753 2324 et

175 2347 255 2397 ipsc
287 2351 325 2382 et
352 2346 414 2383 alii
440 2346 572 2384 fratres
601 2348 815 2398 coepiscopi
842 2349 956 2395 illam,
991 2352 1113 2401 quoad
1139 2351 1353 2397 vixerimUS,
1382 2351 1466 2389 Deo
1488 2352 1645 2401 juvante
1668 2357 1751 2388 tue-

174 2410 307 2447 bimur.
363 2409 422 2446 De
450 2410 677 2460 imaginibus
707 2412 786 2461 jam
815 2413 957 2463 pridem
984 2414 1158 2452 nonnihil
1186 2421 1265 2452 erat
1293 2415 1572 2452 controversiae.
1629 2415 1752 2464 Regia

174 2474 349 2522 majestas
380 2486 456 2510 non
488 2474 650 2511 alienum
687 2488 767 2513 esse
802 2490 824 2513 a
859 2478 971 2515 verbo
1015 2479 1101 2524 Dei,
1134 2479 1211 2516 imo
1240 2479 1278 2516 in
1312 2479 1550 2517 commodum
1580 2479 1751 2516 ecclesiae

173 2536 253 2573 fore
283 2537 447 2586 putabat,
479 2538 509 2574 si
538 2538 665 2588 imago
697 2539 837 2577 Christi
859 2542 1026 2579 crucifixi
1055 2556 1129 2580 una
1156 2557 1242 2581 cum
1269 2543 1393 2581 Maria
1423 2550 1461 2581 et
1490 2543 1679 2588 Johanne,
1709 2550 1751 2580 ut

177 2599 283 2644 solet,
308 2600 345 2636 in
372 2600 561 2638 celebriori
583 2603 751 2640 ecelesiae
780 2604 865 2641 loco
890 2612 1100 2656 poneretur,
1125 2608 1188 2644 ubi
1213 2607 1259 2645 ab
1283 2609 1387 2645 omni
1414 2608 1551 2659 populo
1576 2607 1749 2645 facillime

175 2662 459 2712 conspiceretur.
517 2666 680 2710 Quidam
704 2680 751 2704 ex
774 2669 884 2706 nobis
905 2670 1019 2720 longe
1047 2671 1153 2708 aliter
1172 2671 1404 2721 judicabant,
1430 2672 1640 2722 praesertim
1664 2685 1749 2709 cum

176 2738 308 2762 omnes
349 2728 469 2763 omnis
512 2730 658 2777 generis
695 2731 878 2780 imagines
919 2734 959 2770 in
1002 2734 1172 2784 proxima
1211 2740 1340 2772 nostra
1376 2735 1604 2781 visitatione,
1641 2735 1751 2786 idque

174 2788 322 2838 publica
354 2790 584 2837 auctoritate,
621 2806 697 2830 non
735 2795 856 2832 solum
886 2798 1055 2844 sublatae,
1083 2812 1210 2836 verum
1238 2800 1350 2836 etiam
1383 2801 1589 2838 combustae
1620 2806 1749 2845 erant3

175 2865 333 2902 cumque
357 2852 441 2890 huie
470 2854 569 2891 idolo
596 2870 674 2906 prae
703 2859 834 2896 ceteris
862 2861 908 2897 ab
937 2862 1068 2911 ignara
1096 2869 1134 2900 et
1163 2864 1422 2914 superstitiosa
1446 2865 1555 2915 plebe
1583 2864 1752 2901 adoratio

174 2916 270 2953 solet
298 2915 473 2955 adhiberi.
531 2919 616 2969 Ego
643 2921 730 2971 quia
763 2922 1018 2963 vehementior
1045 2939 1145 2964 eram
1176 2927 1215 2964 in
1247 2927 1320 2965 ista
1351 2942 1404 2975 re,
1430 2942 1503 2966 nec
1530 2928 1606 2966 ullo
1635 2928 1750 2965 modo
