1845 3233
222 152 257 193 iv
857 162 904 186 TA
913 160 1025 186 num.

312 256 316 261 ’
361 263 364 265 —
1574 247 1646 272 PAG.

221 256 434 327 xxi'ssfil.
484 285 792 325 Johaunes'Juellus
809 292 848 322 ad
867 292 996 321 Petrum
1012 290 1188 329 martyrem
1193 312 1573 321 ..............................
1616 291 1652 320 54

252 357 420 388 XXXIX.
492 356 654 386 «Iohannes
672 354 884 385 Parkhurstus
898 353 938 383 ad
953 353 975 383 J
979 352 1135 383 ohannem
1151 352 1321 389 VVolfium,
1335 353 1395 382 ἃς.
1425 374 1572 382 ............
1615 353 1653 381 55

298 420 371 450 XL.
494 418 515 448 J
520 418 657 448 ohannes
672 418 695 447 J
699 417 800 446 uellus
815 415 854 445 ad
870 415 892 444 J
895 416 993 445 osiam
1011 414 1180 444 Simlerum
1194 436 1572 444 ..............................
1616 414 1654 443 56

286 479 382 509 XLI.
488 478 652 508 Johannes
671 476 884 506 Parkhurstus
898 475 936 505 ad
954 475 1128 505 Henricum
1144 474 1370 513 Bullingerum
1386 497 1572 505 ...............
1616 475 1653 508 57

278 541 395 571 XLII.
493 540 583 569 Idem
598 539 638 569 ad.
653 539 787 568 eundem
808 559 1572 569 ............................................................
1616 537 1653 566 58

270 602 406 633 XLIII.
495 601 659 632 ‚Iohannes
672 601 695 630 J
698 601 800 630 uellus
815 600 854 629 ad
870 600 999 629 Petrum
1014 598 1188 637 Martyrem
1192 620 1571 630 ..............................
1615 600 1652 629 59

274 664 403 694 XLIV.
494 663 583 693 Idem
597 663 637 692 ad
653 662 827 692 Henricum
840 661 1065 700 Bullingerum
1076 682 1571 693 .......................................
1616 661 1650 691 61

283 726 389 756 XLV.
494 725 582 755 Idem
599 725 638 755 ad
654 725 676 755 J
679 726 777 755 osiam
789 724 958 754 Simlerum
963 745 1572 756 ................................................
1616 724 1654 754 62

277 788 405 818 XLVI.
491 788 512 816 J
517 787 655 817 ohannes
671 786 883 817 Parkhurstus
898 786 938 816 ad
954 785 1128 816 Henricum
1143 785 1367 825 Bullingerum
1387 809 1573 817 ...............
1616 786 1653 815 63

269 850 418 881 XLVII.
493 849 582 879 Idem
604 849 644 878 ad
665 849 685 879 J
691 849 790 879 osiam
814 848 985 878 Simlerum
1011 853 1041 878 et
1066 847 1266 878 Ludovicum
1288 848 1481 879 Lavaterum
1502 872 1573 880 ......
1616 848 1654 878 64

266 911 402 942 XLVII
408 911 435 941 I.
498 911 588 940 Idem
604 910 643 940 ad
659 910 833 940 Henricum
848 910 1073 949 Bullingerum
1078 932 1572 941 .......................................
1616 910 1654 939 65

279 971 409 1002 XLIX.
490 970 646 1000 Ricardus
662 970 769 999 Coxus
783 969 822 999 ad
840 969 969 999 Petrum
986 969 1162 1008 Martyrem
1192 991 1572 1001 ..............................
1617 969 1654 999 66

321 1034 363 1065 L.
492 1033 515 1062 J
518 1032 655 1062 ohannes
669 1032 691 1061 J
695 1032 798 1061 uellus
813 1032 853 1061 ad
870 1031 1043 1062 Hem-icum
1059 1032 1284 1072 Bullingerum
1307 1053 1572 1063 .....................
1618 1031 1654 1066 67

314 1095 372 1125 LI.
492 1094 583 1124 Idem
602 1094 642 1124 ad
658 1094 788 1124 Petrum
804 1093 979 1132 Martyrem
1001 1115 1573 1125 .............................................
1617 1093 1653 1124 69

305 1157 386 1187 LII.
493 1156 583 1186 Idem
597 1156 637 1186 ad
651 1156 673 1187 J
677 1156 776 1186 osiam
791 1156 960 1186 Simlerum
965 1176 1573 1187 ................................................
1616 1155 1651 1189 71

290 1219 392 1250 LIII.
490 1219 512 1248 ,J
515 1219 653 1248 ohannes
669 1218 883 1248 Parkhurstus
897 1218 936 1247 ad
952 1217 1127 1248 Henricum
1142 1217 1367 1257 Bullingerum
1386 1239 1573 1249 ...............
1616 1218 1655 1252 72

293 1281 387 1313 LIV.
489 1280 511 1310 J
515 1280 652 1311 ohannes
666 1280 796 1310 Juellus
810 1280 850 1310 ad
865 1279 998 1310 eundem
1003 1302 1574 1312 .............................................
1616 1278 1655 1314 73

309 1343 379 1374 LV.
491 1343 581 1373 Idem
594 1343 634 1373 ad
650 1343 672 1373 J
676 1343 775 1373 osiam
789 1343 959 1373 Simlerum
963 1364 1574 1374 ................................................
1616 1342 1654 1377 74

296 1405 387 1437 LVI.
493 1405 583 1435 Idem
600 1405 640 1435 ad
654 1405 788 1435 eundem
811 1426 1573 1436 ............................................................
1616 1403 1655 1438 75

286 1466 400 1498 LVII.
489 1466 509 1497 J
515 1467 653 1497 ohannes
665 1466 879 1497 Parkhurstus
894 1466 935 1497 ad
951 1466 1126 1497 Hemicum
1142 1465 1367 1505 Bullingerum
1386 1489 1573 1497 ...............
1616 1466 1655 1500 76

281 1530 413 1561 LVIII.
494 1530 635 1561 Thomas
650 1530 806 1569 Sampson
820 1530 861 1560 ad
875 1529 1010 1560 eundem
1041 1552 1576 1561 ..........................................
1617 1529 1655 1563 77

295 1592 390 1623 LIX.
492 1591 514 1622 J
517 1591 654 1622 ohannes
670 1591 885 1622 Parkhurstus
899 1591 939 1621 ad
954 1591 1088 1622 eundem
1118 1614 1574 1623 ....................................
1617 1591 1655 1625 78

308 1654 383 1685 LX.
494 1653 683 1684 LaurentIus
699 1654 897 1684 Humfredus
912 1654 952 1684 ad
966 1654 1101 1684 eundem
1116 1676 1574 1685 ....................................
1617 1653 1654 1687 79

296 1717 393 1748 LXI.
496 1717 651 1748 Robertus
666 1717 795 1747 Hornus
809 1717 849 1748 ad
865 1717 998 1748 eundem
1003 1739 1575 1749 .............................................
1617 1716 1656 1746 80

290 1779 402 1809 LXII.
491 1779 652 1810 Johannes
669 1779 882 1810 Parkhurstus
903 1779 943 1809 ad
958 1779 1082 1810 Josiam
1099 1780 1268 1810 Simlerum
1273 1802 1575 1811 ........................
1619 1779 1656 1808 82

278 1841 413 1873 LXIII.
491 1841 653 1872 Johannes
667 1842 798 1872 Juellus
811 1842 851 1872 ad
867 1841 1042 1872 Henricum
1057 1842 1281 1881 Bullingerum
1311 1864 1575 1873 .....................
1619 1840 1655 1869 82

282 1902 411 1934 LXIV.
493 1904 649 1934 Robertus
664 1904 793 1935 Hornus
807 1904 847 1934 ad
864 1904 1070 1944 Rodolphum
1087 1904 1275 1935 Gualterum
1311 1926 1575 1937 .....................
1619 1903 1655 1932 84

292 1964 398 1996 LXV.
490 1965 513 1995 J
516 1966 652 1996 ohannes
670 1966 882 1996 Parkhurstus
897 1966 937 1996 ad
953 1966 1127 1996 Henricum
1143 1967 1366 2006 Bullingerum
1389 1989 1576 1997 ...............
1619 1966 1656 1995 35

283 2027 411 2058 LXVI.
491 2028 644 2058 Edwinus
658 2028 783 2059 Sandus
797 2029 837 2058 ad
852 2027 986 2058 eundem
1001 2051 1575 2060 .............................................
1618 2027 1656 2057 86

274 2089 421 2121 LXVII.
495 2090 514 2119 J
520 2090 657 2121 ohannes
672 2090 802 2121 ,Juellus
816 2090 856 2120 ad
871 2090 1005 2121 eundem
1020 2097 1050 2120 et
1066 2090 1266 2120 Ludovicum
1282 2090 1474 2120 Lavaterum
1504 2113 1576 2121 ......
1620 2090 1656 2124 87

269 2148 435 2179 LXVIII.
497 2149 686 2180 Laurentius
702 2150 900 2180 Humfredus
914 2150 953 2180 ad
970 2151 1145 2181 Henricum
1161 2151 1385 2190 Bullingerum
1389 2172 1576 2183 ...............
1618 2150 1656 2181 90

282 2209 411 2240 LXIX.
495 2210 635 2241 Thomas
651 2213 806 2251 Sampson
820 2212 860 2242 ad
875 2213 1009 2243 eundem
1042 2235 1576 2244 ..........................................
1618 2212 1653 2242 91

290 2271 401 2302 LXX.
493 2272 514 2301 ,J
518 2272 655 2303 ohannes
668 2273 690 2303 J
695 2274 798 2305 uellus
813 2275 852 2305 ad
867 2275 1000 2306 eundem
1005 2296 1576 2306 .............................................
1618 2272 1656 2303 93

281 2334 412 2364 LXXI.
494 2334 682 2365 Laurentius
692 2336 888 2367 Humfredus
903 2345 933 2368 et
948 2338 1089 2368 Thomas
1105 2338 1260 2377 Sampson
1274 2337 1313 2367 ad
1328 2337 1461 2367 eundem
1466 2358 1574 2366 .........
1618 2335 1656 2366 93

273 2396 425 2427 LXXII.
490 2397 511 2426 J
515 2397 651 2428 ohannes
668 2399 882 2430 Parkhurstus
897 2400 938 2430 ad
953 2400 1089 2431 eundem
1118 2421 1575 2432 ....................................
1619 2399 1657 2428 98

262 2457 433 2488 LXXIII.
494 2458 682 2489 Edmundus
697 2460 884 2491 Grindallus
897 2461 937 2491 ad
952 2462 1086 2492 eundem
1119 2483 1576 2494 ....................................
1619 2460 1656 2489 99

266 2519 430 2549 LXXIV.
497 2520 652 2551 Ricardus
667 2522 772 2552 Hilles
786 2523 825 2553 ad
841 2524 975 2554 eundem
1006 2544 1577 2556 .............................................
1602 2521 1653 2550 101

277 2580 419 2611 LXXV.
500 2581 592 2611 Edm.
618 2583 803 2614 Grindallus
824 2590 854 2615 et
876 2585 959 2616 Rob.
985 2585 1114 2616 Hornus
1136 2586 1175 2616 ad
1197 2586 1281 2617 Hen.
1304 2585 1528 2623 Bullingerum
1550 2589 1579 2614 et

575 2645 657 2676 Rod.
677 2646 861 2677 Gualterum
891 2670 1577 2679 ......................................................
1602 2647 1657 2676 104

268 2703 433 2734 LXXVI.
498 2705 686 2737 Edmundus
702 2708 887 2738 Grindallus
901 2708 941 2738 ad
957 2708 1133 2739 Henricum
1148 2709 1372 2748 Bullingerum
1391 2730 1576 2738 ...............
1602 2706 1657 2736 108

259 2764 443 2795 LXXVII.
496 2766 517 2795 J
521 2767 657 2797 ohannes
671 2768 692 2797 J
697 2769 800 2799 uellus
814 2769 853 2799 ad
868 2769 1001 2800 eundem
1006 2791 1577 2802 .............................................
1601 2768 1656 2798 109

252 2824 455 2856 LXXVIII.
500 2827 697 2858 Percevallus
713 2830 893 2861 Wiburnus
907 2831 947 2861 ad
962 2831 1097 2862 eundem
1121 2852 1577 2864 ....................................
1602 2829 1654 2859 111

270 2886 435 2917 LXXIX.
504 2887 690 2920 Edmundus
708 2890 893 2921 Grindallus
907 2891 947 2922 ad
962 2892 1097 2923 eundem
1121 2913 1577 2925 ....................................
1602 2890 1657 2920 114
