1845 3233
1608 146 1630 161 ὁ)

52 146 246 204 Lxxvm]
538 163 590 189 Ao
626 161 833 189 flammeum
870 159 1169 187 nemmem-tum.
1550 142 1630 185 ΙΙ..)

53 279 190 318 oriatur
217 280 335 325 turba,
365 280 396 317 si
423 279 494 318 hoc
519 278 741 330 quibusdam
766 279 994 316 innoteseat:
1023 277 1123 327 quod
1143 276 1173 314 si
1199 276 1405 327 quieseant,
1430 274 1529 313 aliud
1555 287 1630 312 non

52 357 206 394 quoero;
237 344 294 381 sin
318 344 453 388 minus,
473 344 610 394 aliquid
630 356 742 394 penes
761 348 797 380 te
816 341 950 379 habere
970 341 1096 392 cupio,
1116 340 1214 391 quod
1233 340 1304 378 illis
1322 353 1386 391 pro
1405 352 1465 377 me
1482 352 1632 389 respon-

53 408 149 445 deat.
188 408 239 446 Et
250 408 418 458 quamvis
433 408 544 445 citius
559 407 646 453 hoc,
659 407 834 458 quicquid
847 411 915 450 est,
932 419 952 443 a
970 418 1031 442 me
1051 404 1185 454 suscipi
1202 404 1335 454 potuit,
1351 417 1393 441 ac
1407 404 1504 442 forte
1520 403 1631 441 etiam

53 471 192 516 debuit,
211 471 391 510 hactenus
410 478 537 509 tamen
556 486 578 509 a
596 472 790 509 scribendo
805 470 978 514 abstinui,
996 476 1037 506 ut
1056 469 1122 506 tibi
1143 474 1181 506 et
1199 468 1278 506 seni
1298 474 1335 505 et
1354 468 1632 511 valetudinario,

52 542 90 572 et
108 535 146 572 in
165 535 235 573 hac
250 536 330 586 ipsa
346 549 456 573 eausa
470 537 549 586 jam
569 536 650 586 plus
670 535 760 573 satis
779 533 1025 584 interpellato,
1047 545 1251 583 pa1·cerem;
1281 546 1324 569 ae
1343 532 1483 571 utinam
1503 532 1633 569 etiam-

56 612 143 637 num
172 599 211 637 id
232 599 396 636 licuisset
423 606 460 636 et
483 599 660 636 omnino!
710 599 884 636 Ceterum
911 611 996 635 cum
1025 611 1101 634 non
1126 597 1178 634 ita
1199 596 1338 647 pridem
1366 597 1504 647 primus
1526 596 1634 647 liujus

54 663 162 713 regni
189 664 409 701 consiliariis
437 663 608 714 privatim
639 669 677 701 ct
704 663 823 700 amice
847 675 906 699 me
933 661 979 699 ad
1002 674 1042 698 se
1072 661 1291 699 accersitum
1318 661 1570 699 submonuerit
1590 662 1634 698 ‹le

55 726 124 765 hac
142 741 195 773 re,
215 741 258 765 ac
277 728 433 766 suaserit
452 736 494 764 ut
511 728 584 765 ‹luo
604 727 734 765 saltem
754 732 818 764 aut
836 726 906 763 tria
921 726 1030 763 verba
1044 739 1066 762 a
1082 731 1120 762 te
1139 730 1265 775 parata
1284 738 1348 775 pro
1367 737 1426 762 me
1445 724 1632 767 haberem,

53 793 84 830 si
104 806 196 842 opus
216 792 347 836 fuerit;
368 793 519 831 tandem
539 799 615 837 tua,
637 791 838 829 clarissime
860 791 923 835 vir,
945 790 1124 841 aequitate
1143 790 1258 827 fretus
1278 789 1415 840 aliquid
1432 789 1492 841 (ut
1511 789 1633 840 vides)

56 869 168 894 ausus
194 870 297 894 sum:
328 871 400 907 qua
428 857 464 893 in
488 870 526 894 re
553 870 598 894 ne
617 856 803 907 repulsam
832 869 854 892 a
876 860 913 892 te
932 854 1065 906 patiar,
1085 853 1223 891 obnixe
1242 866 1372 904 precor
1389 858 1427 890 et
1444 853 1633 893 obtestor:

55 921 237 972 simulque
265 935 312 958 nc
330 921 397 958 hac
417 921 613 960 occasione
633 921 714 958 illos
739 925 867 958 contra
895 933 953 956 me
973 932 1162 969 provoces,
1191 931 1285 969 quos
1299 919 1376 968 jam
1403 918 1492 955 satis
1517 917 1636 955 liabeo

56 985 166 1025 duros
192 991 229 1022 et
250 986 434 1024 adversos.
491 986 603 1030 Quod
620 985 652 1022 si
677 997 762 1035 quae
790 984 925 1022 scribes
945 984 1135 1021 Genevam
1160 982 1305 1019 mittere
1331 982 1492 1032 placebit
1509 982 1566 1019 vel
1590 981 1636 1018 ad

62 1051 108 1088 s).
137 1050 277 1088 Bezam
307 1051 364 1088 vel
394 1051 442 1088 D.
476 1049 749 1099 Raymundum,
781 1062 855 1099 quo
883 1054 1014 1098 postea
1043 1047 1248 1085 Gallicanae
1275 1046 1445 1084 ecclesize
1474 1046 1636 1084 Londini

58 1115 227 1154 ministro
257 1116 303 1153 ab
330 1115 401 1153 illis
420 1115 626 1158 mittantur,
649 1113 707 1166 (id
725 1113 825 1164 quod
843 1113 1052 1163 frequenter
1070 1111 1214 1150 faciunt
1233 1117 1270 1148 et
1295 1124 1397 1161 saepe
1415 1109 1636 1160 tutissi111e‚)

58 1178 128 1215 lia(-
158 1179 302 1217 ratione
337 1180 383 1217 ad
413 1192 559 1217 manus,
577 1191 678 1216 meas
702 1178 915 1228 pervenient
945 1176 1066 1214 litcrae
1098 1182 1192 1221 tuae,
1222 1175 1250 1212 si
1283 1175 1475 1226 inscriptio
1508 1175 1554 1212 ad
1579 1187 1637 1211 me

63 1242 282 1280 nominatim
312 1244 503 1293 dirigatur.

139 1308 197 1345 Ex
215 1307 273 1344 his
292 1308 466 1358 colligere
485 1308 552 1345 tibi
574 1314 783 1358 promptum
805 1313 873 1353 est,
901 1307 951 1345 mi
971 1313 1085 1358 pater,
1118 1306 1216 1358 quod
1234 1319 1452 1357 responsum
1467 1320 1490 1344 a
1507 1308 1637 1358 tejam

60 1385 134 1409 non
152 1377 228 1409 tam
248 1372 416 1409 ardenter
439 1377 611 1422 expetam
632 1378 669 1409 et
688 1373 797 1417 serio,
827 1385 937 1422 quam
956 1372 1090 1409 anxius
1116 1377 1153 1409 et
1172 1372 1338 1409 solicitus
1357 1372 1467 1409 etiam
1489 1384 1638 1422 exspec-

58 1443 146 1474 tem.
204 1436 358 1474 Interim
377 1449 450 1482 me,
471 1443 512 1474 ut
531 1443 673 1486 potero,
699 1436 942 1474 conscientiae
973 1435 1191 1473 testimonio
1210 1436 1357 1473 solabor
1374 1449 1417 1474 ac
1436 1436 1639 1474 sustinebo.

59 1501 246 1538 Dominus
265 1501 375 1538 Jesus
394 1506 432 1537 te
452 1500 622 1538 ecclesiae
643 1513 722 1538 suae
745 1499 810 1537 diu
828 1499 1054 1537 incolumem
1074 1505 1206 1543 servet,
1226 1513 1269 1538 ac
1287 1500 1411 1538 favore
1431 1513 1498 1537 suo
1517 1500 1639 1549 magis

60 1564 254 1616 magisque
273 1564 419 1603 assidue
438 1565 702 1615 prosequatur!

137 1628 312 1674 Salutem,
341 1641 485 1680 quaeso,
509 1642 532 1665 a
562 1640 623 1664 me
653 1627 754 1665 dicas
782 1627 921 1665 eximio
948 1627 1041 1664 Jesu
1066 1626 1208 1665 Christi
1228 1640 1348 1674 servo,
1373 1628 1420 1665 D.
1443 1628 1641 1680 Rodolpho

59 1694 252 1740 Gualtem,
269 1707 353 1732 cum
371 1706 500 1739 uxore,
515 1693 646 1745 quibus
666 1693 696 1730 si
716 1692 828 1729 etiam
847 1705 931 1729 mea
945 1705 1054 1729 causa
1076 1692 1214 1742 gratias
1233 1705 1325 1743 agas
1344 1693 1400 1730 vel
1413 1705 1498 1731 meo
1517 1694 1641 1744 potius

60 1759 226 1805 nomine,
250 1764 463 1810 pergratum
489 1757 581 1796 mihi
602 1756 752 1795 feceris:
781 1769 914 1807 quaeso
939 1756 1065 1801 etiam,
1089 1756 1208 1794 saluta
1230 1758 1390 1808 reliquos
1418 1764 1642 1809 symmystas

59 1828 144 1860 tuos
175 1822 268 1860 mihi
300 1828 424 1867 notos,
461 1822 508 1860 D.
544 1820 755 1866 Simlerum,
798 1821 847 1858 D.
882 1818 1112 1870 W'olphium,
1141 1825 1336 1872 utrumque
1372 1822 1487 1860 filium
1523 1828 1641 1867 tuum,

60 1887 246 1939 praecipue
265 1893 389 1926 autem
404 1887 605 1937 juniorem,
626 1885 685 1924 cui
705 1885 907 1936 plurimum
933 1885 1052 1923 debeo
1081 1891 1230 1936 propter
1252 1885 1492 1925 humanitatis
1517 1887 1639 1925 officia

60 1964 146 2003 quie
166 1950 258 1988 mihi
276 1951 407 2000 Tiguri
427 1950 616 2002 praestitit.

140 2015 233 2053 Vale
259 2014 297 2052 in
319 2013 471 2052 Christo
497 2014 709 2065 plurimum,
728 2013 923 2052 reverende
942 2020 1057 2064 pater,
1086 2014 1265 2066 hujusque
1284 2016 1454 2054 ecclesiae
1479 2017 1643 2054 nutantis

63 2080 100 2117 in
128 2079 313 2129 precibus,
341 2091 486 2129 quaeso,
517 2077 615 2128 apud
645 2078 767 2116 Deum
791 2078 1017 2115 memineris.
1078 2079 1214 2116 Iterum
1245 2079 1335 2117 vale.
1394 2080 1566 2121 Londini,
1600 2082 1640 2116 5⁴¹

62 2143 218 2182 Calend.
241 2143 353 2180 Mart.
377 2144 488 2179 1567.

731 2205 825 2244 Tuae
856 2207 1090 2257 paternitatis
1118 2208 1421 2256 studiosissimus,

877 2304 1264 2347 PERCEVALLUS
1292 2308 1598 2350 WIBURNL'S.

475 2391 729 2418 INSCRIP'HO.

172 2446 419 2485 Ornatissimo
439 2447 521 2482 viro
542 2445 590 2481 D.
618 2445 786 2482 Henrico
803 2446 1042 2494 Rullz'ngero,

222 2510 421 2559 Tigurinoe
448 2510 609 2546 ecclesia»
632 2511 782 2559 pastori
804 2511 1042 2558 dignissimo,

219 2576 328 2624 patri
355 2575 423 2611 sibi
447 2575 664 2624 plurimum
692 2576 934 2612 observando.

540 2638 684 2687 Tiguri.

195 3108 360 3166 {zomon
399 3111 596 3167 terrens]
