1845 3233
69 149 213 206 xxvl.]
337 164 547 191 JOIIANNES
581 163 874 190 PARKHURSTUS
908 163 964 188 AD
994 162 1136 189 JOSIAM
1170 161 1391 187 SIMLERUM.
1594 148 1650 188 35

148 283 319 320 Secundo
339 282 566 334 Septembris
584 283 775 320 restitutus
794 294 874 319 sum
899 293 996 317 meac
1017 279 1158 325 Clcvae‚
1185 279 1257 316 hoc
1277 285 1347 324 est,
1373 283 1459 329 post
1478 289 1653 321 messem,

71 361 157 385 cum
173 348 298 384 omnia
311 355 437 385 essent
450 348 581 393 ablata,
596 354 633 384 et
646 346 736 384 nihil
750 345 842 384 mihi
855 346 1050 396 reliquum.
1082 343 1285 389 Quomodo
1300 356 1389 393 ergo
1402 343 1480 393 jam
1496 341 1653 378 vivitur?

72 412 205 462 inquis.
252 412 341 450 Non
362 424 407 449 cx
425 418 544 462 rapto.
567 412 632 449 scd
651 417 793 449 mutuo.
842 410 929 448 Una
949 409 1082 447 messis
1098 407 1273 446 resarciet
1291 407 1428 445 onmia.
1478 406 1656 444 Habeant

71 477 133 514 alii
148 489 233 514 suos
247 476 482 527 episcopatus
497 490 504 513 :
526 476 619 513 mihi
634 476 724 514 satis
738 476 808 513 erit
820 489 906 512 mea
919 474 1045 512 Cleva.
1090 473 1202 510 Multi
1217 486 1262 509 cx
1278 471 1463 522 episcopis
1476 484 1654 521 perquam

71 541 240 578 lubenter
263 554 367 578 suam
393 541 645 579 conditionem
669 554 815 579 mecum
841 545 1046 578 mutarent:
1076 551 1170 575 unus
1195 543 1258 574 aut
1282 537 1375 573 alter
1398 535 1655 572 ambitiosulus

71 605 240 643 fortassis
257 613 452 643 recusaret.
509 606 559 643 Et
577 619 624 643 ne
644 606 716 643 hoc
738 605 892 649 nescias,
913 617 985 655 ego
1006 604 1046 641 in
1065 616 1193 640 eorum
1212 615 1403 639 numerum
1422 613 1522 638 eram
1542 600 1654 637 ctiam

72 669 322 715 asciscendus,
344 671 408 708 sed
426 671 632 708 obtestatus
647 683 728 707 sum
744 669 936 720 primarios
951 668 1130 719 quosdam
1144 667 1254 712 viros,
1273 666 1413 703 amicos
1431 678 1538 702 meos
1558 677 1657 702 sum-

74 747 171 780 mos,
194 741 234 772 ut
256 748 393 773 nomen
413 748 539 773 meum
564 748 610 772 ex
628 735 692 772 illa
715 733 900 778 schedula,
921 745 1031 784 quam
1052 732 1166 769 habet
1191 731 1350 782 Regina,
1374 735 1657 780 expungeretur.

76 799 190 844 Quod
216 800 367 837 tametsi
396 800 504 837 nullis
536 799 717 849 precibus,
746 798 854 835 nullis
880 796 1189 835 obtestationibus
1230 796 1425 846 impetrare
1462 793 1658 845 potuerim,

75 870 200 901 tamen
218 864 398 902 hactenus
418 864 565 901 illorum
585 876 698 914 opera
715 863 851 900 collum
870 875 916 899 ex
933 861 997 898 illo
1016 861 1176 911 capistro
1197 860 1364 897 subduxi.
1420 858 1518 896 Cum
1542 870 1661 908 nuper

75 941 196 966 essem
224 929 398 975 Londini,
431 942 524 965 unus
556 941 603 965 ex
627 927 845 965 consiliariis
867 932 905 964 et
934 927 982 964 D.
1015 925 1198 963 Parkerus
1222 924 1499 961 Can-tuariensis
1531 922 1659 960 nescio

75 1005 184 1043 quam
218 991 428 1038 ἐπισκοπήν
458 992 551 1030 1111111
579 998 665 1030 sunt
695 992 838 1029 minati.
894 990 967 1028 Sed
998 991 1068 1027 Dz'z'
1095 990 1282 1026 meliora!
1335 989 1421 1039 Ego
1448 988 1547 1025 enim
1579 1000 1659 1024 non

76 1070 227 1107 possum
246 1063 386 1095 tantam
402 1058 541 1095 ambire
557 1057 756 1095 miseriam.
804 1057 890 1106 Ego
904 1055 964 1092 hic
980 1055 1018 1092 in
1032 1067 1116 1092 mea
1128 1053 1305 1104 parochia
1316 1065 1447 1103 regno,
1465 1059 1503 1089 et
1517 1052 1660 1102 episco-

78 1135 165 1171 pum
183 1122 283 1159 solus
298 1136 362 1172 per
380 1122 473 1159 duos
491 1135 609 1159 annos
624 1135 709 1171 ago.
751 1119 1022 1158 Glocestrcnsis
1040 1125 1122 1156 toto
1137 1118 1208 1156 hoc
1224 1124 1390 1169 tempore
1409 1117 1495 1155 hinc
1515 1116 1658 1154 exulat:

79 1187 142 1223 sed
159 1187 270 1224 tertio
290 1199 438 1237 quoque
461 1200 559 1223 anno
576 1186 688 1223 habet
707 1186 806 1237 quod
823 1185 883 1222 hic
903 1190 1004 1235 agat,
1025 1184 1339 1234 quemadmodum
1358 1188 1396 1219 et
1413 1182 1511 1221 alibi.

160 1252 290 1289 Habes
323 1251 368 1288 de
397 1264 482 1288 meo
515 1257 624 1296 statu,
661 1251 707 1287 de
739 1263 812 1301 quo
844 1249 980 1287 certior
1007 1248 1086 1286 fieri
1110 1248 1359 1285 desiderabas.
1413 1247 1488 1284 Pro
1516 1246 1662 1283 institu-

77 1316 240 1353 tionibus
258 1315 333 1353 tuis
351 1315 610 1352 astronomicis
629 1327 703 1365 ago
720 1315 856 1363 gratias
874 1314 1061 1364 ingentes.
1118 1311 1320 1362 collegisti
1338 1317 1520 1362 practerea
1536 1310 1662 1348 nescio

77 1380 166 1430 quid
190 1393 236 1417 ex
263 1378 474 1416 Athanasio
502 1385 540 1416 et
572 1379 664 1416 aliis.
723 1377 884 1423 Quando
913 1378 997 1415 edes
1009 1377 1025 1414 ’ἲ
1081 1376 1389 1427 Copiosissimam
1423 1376 1468 1413 ad
1503 1382 1540 1413 te
1568 1375 1663 1426 epis-

76 1444 191 1481 tolam
214 1444 372 1481 scribere
394 1443 577 1493 gestiebat
597 1443 754 1488 animus,
776 1443 840 1480 sed.
858 1455 922 1492 per
939 1442 1058 1479 varias
1077 1441 1339 1492 occupationes
1360 1453 1437 1477 non
1454 1440 1554 1477 licet.

156 1508 342 1546 salutabis
380 1508 578 1559 diligenter
608 1521 695 1544 meo
726 1507 878 1544 nomine
911 1506 1092 1556 optimam
1122 1512 1225 1543 tuam
1256 1518 1423 1550 uxorem,
1457 1510 1495 1541 et
1528 1517 1663 1541 novam

78 1574 178 1610 illam
199 1574 412 1623 conjugem,
439 1579 541 1609 tuam
560 1571 723 1609 Annam.
772 1570 983 1620 Vonlychio
1010 1584 1071 1608 me
1093 1569 1364 1607 officiosissime
1385 1569 1664 1606 commendabis

79 1645 117 1675 et
140 1638 361 1676 castissimae
381 1638 478 1674 illius
498 1637 689 1675 Susannae.
738 1635 851 1680 Quod
867 1636 934 1673 tibi
954 1636 1076 1673 scribo
1095 1635 1148 1672 illi
1168 1635 1301 1672 scribo.
1351 1634 1533 1672 Salutabis
1551 1634 1665 1671 etiam

77 1716 164 1740 meo
188 1702 339 1740 nomine
359 1702 407 1739 D.
430 1702 650 1751 Martyrem‚
678 1701 726 1738 D.
750 1701 1018 1745 Bibliandrum,
1045 1700 1096 1737 D.
1116 1699 1401 1745 Bernardinum,
1429 1699 1663 1746 Lavaterum,

78 1767 306 1817 Zuinglium,
335 1766 506 1811 Frisium,
533 1766 774 1811 Pellicanum,
801 1765 1051 1810 Liberianum,
1081 1764 1391 1814 Christopherum
1421 1763 1665 1808 Rotakerum,

77 1831 324 1882 Stumphium,
351 1831 575 1875 Rennerum‚
601 1831 808 1875 Hirterum,
833 1830 989 1875 vicinos,
1014 1829 1168 1873 vicinas,
1194 1835 1231 1865 et
1250 1842 1392 1866 omnes.
1448 1827 1556 1866 Uxor
1581 1840 1666 1865 mea

79 1904 116 1933 te
131 1903 170 1933 et
186 1902 287 1932 tuam
307 1901 345 1932 et
363 1895 455 1932 alios
473 1908 604 1932 omnes
621 1895 767 1932 salutat.
821 1895 926 1932 Vale.

159 1961 241 1999 Von
261 1959 435 1997 Bischoff
449 1959 580 1997 Clouw
598 1959 636 1996 in
653 1959 832 1997 comitatu
850 1958 1069 2002 Glostrensi,
1091 1960 1141 1994 20
1163 1958 1392 2004 Decembris,
1416 1960 1530 1994 1559.

326 2068 341 2082 0
1180 2039 1294 2084 Tuus,

287 2133 544 2159 lecmP'rlo.
874 2118 1163 2157 JOHANNES
1201 2117 1610 2157 PARKHL‘RSTL'S.

168 2186 467 2224 Ilumanissimo
487 2187 567 2221 viro
587 2186 636 2221 D.

240 2252 271 2288 J
274 2252 361 2288 osioe
383 2251 557 2287 simlero.

325 2315 466 2364 Tiguri.

599 2512 898 2554 EPISTOLA
930 2510 1140 2552 XXVII.

316 2679 519 2711 THOMAS
550 2677 772 2709 SAMPSON
802 2677 870 2707 AD
902 2675 1101 2706 PETRUM
1134 2673 1431 2705 MARTYREM.

163 2769 280 2815 QUAS
299 2768 479 2819 scripsisti
495 2767 620 2804 literas
639 2769 661 2805 4
680 2765 916 2811 Novembris,
936 2777 1009 2815 ego
1032 2763 1160 2813 accepi
1178 2765 1202 2798 3
1220 2762 1243 2800 J
1247 2761 1397 2799 anuarii.
1444 2760 1467 2798 J
1471 2774 1530 2798 am
1549 2773 1663 2798 unum

83 2847 221 2873 annum
240 2833 303 2884 egi
323 2833 361 2870 in
380 2832 533 2883 Anglia,
552 2845 627 2869 11011
652 2831 704 2868 ita
727 2831 914 2882 quietum3
942 2841 1068 2866 vereor
1086 2833 1209 2865 autem
1228 2840 1274 2863 ne
1295 2839 1452 2877 sequens
1471 2825 1532 2863 hic
1550 2838 1669 2863 annus

80 2900 164 2950 plus
190 2898 444 2936 molestiarum
472 2896 563 2934 mihi
589 2896 718 2947 pariat.
773 2895 863 2933 Non
891 2900 1016 2931 tamen
1044 2893 1144 2930 solus
1170 2891 1285 2928 timeo
1311 2890 1418 2936 mihi,
1440 2890 1507 2927 sed
1532 2902 1666 2927 omncs

82 2963 192 3002 nobis
219 2963 419 3001 timemus:
448 2975 518 2999 nec
546 2967 672 2999 tamen
702 2959 824 2998 audeo
851 2959 998 3010 scriptis
1027 2957 1201 2996 mandare
1227 2969 1312 3007 quae
1341 2955 1536 2993 imminere
1559 2953 1669 2992 nobis
