<?xml version="1.0" encoding="UTF-8"?>
<!DOCTYPE html PUBLIC "-//W3C//DTD XHTML 1.0 Transitional//EN"
    "http://www.w3.org/TR/xhtml1/DTD/xhtml1-transitional.dtd">
<html xmlns="http://www.w3.org/1999/xhtml" xml:lang="en" lang="en">
 <head>
  <title>
</title>
<meta http-equiv="Content-Type" content="text/html;charset=utf-8" />
  <meta name='ocr-system' content='tesseract 3.04.00' />
  <meta name='ocr-capabilities' content='ocr_page ocr_carea ocr_par ocr_line ocrx_word'/>
</head>
<body>
  <div class='ocr_page' id='page_1' title='image "./zurichletterscom02hunt_0283.png"; bbox 0 0 1845 3233; ppageno 0'>
   <div class='ocr_carea' id='block_1_1' title="bbox 725 355 1090 400">
    <p class='ocr_par' dir='ltr' id='par_1_1' title="bbox 725 355 1090 400">
     <span class='ocr_line' id='line_1_1' title="bbox 725 355 1090 400; baseline 0.014 -5"><span class='ocrx_word' id='word_1_1' title='bbox 725 355 1022 399; x_wconf 85' lang='lat' dir='ltr'><strong>EPISTOLA</strong></span> <span class='ocrx_word' id='word_1_2' title='bbox 1056 359 1090 400; x_wconf 85' lang='grc' dir='ltr'>Ι.</span> 
     </span>
    </p>
   </div>
   <div class='ocr_carea' id='block_1_2' title="bbox 351 550 1457 590">
    <p class='ocr_par' dir='ltr' id='par_1_2' title="bbox 351 550 1457 590">
     <span class='ocr_line' id='line_1_2' title="bbox 351 550 1457 590; baseline 0.008 -9"><span class='ocrx_word' id='word_1_3' title='bbox 351 550 552 582; x_wconf 82' lang='lat' dir='ltr'>THOMAS</span> <span class='ocrx_word' id='word_1_4' title='bbox 581 551 804 584; x_wconf 80' lang='lat' dir='ltr'><strong>SAMPSON</strong></span> <span class='ocrx_word' id='word_1_5' title='bbox 834 554 902 584; x_wconf 92' lang='lat' dir='ltr'>AD</span> <span class='ocrx_word' id='word_1_6' title='bbox 935 554 1134 586; x_wconf 80' lang='lat' dir='ltr'><strong>PETRUM</strong></span> <span class='ocrx_word' id='word_1_7' title='bbox 1166 556 1457 590; x_wconf 73' lang='lat' dir='ltr'><strong>MARTYREM.</strong></span> 
     </span>
    </p>
   </div>
   <div class='ocr_carea' id='block_1_3' title="bbox 541 626 1264 667">
    <p class='ocr_par' dir='ltr' id='par_1_3' title="bbox 541 626 1264 667">
     <span class='ocr_line' id='line_1_3' title="bbox 541 626 1264 667; baseline 0.007 -11"><span class='ocrx_word' id='word_1_8' title='bbox 541 626 802 657; x_wconf 66' lang='lat' dir='ltr'>Anonmmxz.</span> <span class='ocrx_word' id='word_1_9' title='bbox 846 626 990 667; x_wconf 84' lang='lat' dir='ltr'>Raptim,</span> <span class='ocrx_word' id='word_1_10' title='bbox 1014 629 1050 663; x_wconf 87' lang='grc'>17</span> <span class='ocrx_word' id='word_1_11' title='bbox 1073 631 1264 661; x_wconf 64' lang='lat' dir='ltr'>Decembris.</span> 
     </span>
    </p>
   </div>
   <div class='ocr_carea' id='block_1_4' title="bbox 113 701 1691 3138">
    <p class='ocr_par' dir='ltr' id='par_1_4' title="bbox 113 701 1691 2047">
     <span class='ocr_line' id='line_1_4' title="bbox 198 701 1689 761; baseline 0.006 -22"><span class='ocrx_word' id='word_1_12' title='bbox 198 701 234 739; x_wconf 89' lang='lat' dir='ltr'>S.</span> <span class='ocrx_word' id='word_1_13' title='bbox 256 702 304 740; x_wconf 90' lang='lat' dir='ltr'>D.</span> <span class='ocrx_word' id='word_1_14' title='bbox 361 702 449 740; x_wconf 70' lang='lat' dir='ltr'>Eoo</span> <span class='ocrx_word' id='word_1_15' title='bbox 471 710 508 740; x_wconf 92' lang='lat' dir='ltr'>te</span> <span class='ocrx_word' id='word_1_16' title='bbox 528 716 592 754; x_wconf 89' lang='lat' dir='ltr'>per</span> <span class='ocrx_word' id='word_1_17' title='bbox 613 702 802 741; x_wconf 85' lang='lat' dir='ltr'>Christum</span> <span class='ocrx_word' id='word_1_18' title='bbox 824 717 933 754; x_wconf 87' lang='lat' dir='ltr'>rogo,</span> <span class='ocrx_word' id='word_1_19' title='bbox 952 705 1005 742; x_wconf 90' lang='lat' dir='ltr'>mi</span> <span class='ocrx_word' id='word_1_20' title='bbox 1028 712 1133 756; x_wconf 84' lang='lat' dir='ltr'>pater</span> <span class='ocrx_word' id='word_1_21' title='bbox 1155 709 1307 758; x_wconf 87' lang='lat' dir='ltr'>optime.</span> <span class='ocrx_word' id='word_1_22' title='bbox 1336 723 1383 747; x_wconf 88' lang='lat' dir='ltr'>ne</span> <span class='ocrx_word' id='word_1_23' title='bbox 1410 711 1573 761; x_wconf 74' lang='lat' dir='ltr'>graveris</span> <span class='ocrx_word' id='word_1_24' title='bbox 1598 710 1689 748; x_wconf 81' lang='lat' dir='ltr'>milii</span> 
     </span>
     <span class='ocr_line' id='line_1_5' title="bbox 120 766 1690 825; baseline 0.006 -23"><span class='ocrx_word' id='word_1_25' title='bbox 120 779 230 817; x_wconf 88' lang='lat' dir='ltr'>quam</span> <span class='ocrx_word' id='word_1_26' title='bbox 252 766 428 804; x_wconf 81' lang='lat' dir='ltr'>citissime</span> <span class='ocrx_word' id='word_1_27' title='bbox 452 768 677 818; x_wconf 84' lang='lat' dir='ltr'>respondere</span> <span class='ocrx_word' id='word_1_28' title='bbox 704 768 750 806; x_wconf 85' lang='lat' dir='ltr'>ad</span> <span class='ocrx_word' id='word_1_29' title='bbox 776 767 859 806; x_wconf 81' lang='lat' dir='ltr'>haec</span> <span class='ocrx_word' id='word_1_30' title='bbox 887 782 1016 819; x_wconf 82' lang='lat' dir='ltr'>pauca.</span> <span class='ocrx_word' id='word_1_31' title='bbox 1073 772 1272 816; x_wconf 85' lang='lat' dir='ltr'>Quomodo</span> <span class='ocrx_word' id='word_1_32' title='bbox 1295 774 1403 811; x_wconf 88' lang='lat' dir='ltr'>nobis</span> <span class='ocrx_word' id='word_1_33' title='bbox 1430 775 1615 825; x_wconf 83' lang='lat' dir='ltr'>agendum</span> <span class='ocrx_word' id='word_1_34' title='bbox 1642 776 1690 813; x_wconf 84' lang='lat' dir='ltr'>sit</span> 
     </span>
     <span class='ocr_line' id='line_1_6' title="bbox 120 831 1691 889; baseline 0.005 -21"><span class='ocrx_word' id='word_1_35' title='bbox 120 831 158 868; x_wconf 88' lang='lat' dir='ltr'>in</span> <span class='ocrx_word' id='word_1_36' title='bbox 178 831 288 869; x_wconf 90' lang='lat' dir='ltr'>titulo</span> <span class='ocrx_word' id='word_1_37' title='bbox 308 831 371 869; x_wconf 92' lang='lat' dir='ltr'>illo</span> <span class='ocrx_word' id='word_1_38' title='bbox 387 831 445 869; x_wconf 86' lang='lat' dir='ltr'>vel</span> <span class='ocrx_word' id='word_1_39' title='bbox 463 832 721 878; x_wconf 89' lang='lat' dir='ltr'>concedendo,</span> <span class='ocrx_word' id='word_1_40' title='bbox 740 833 797 870; x_wconf 91' lang='lat' dir='ltr'>vel</span> <span class='ocrx_word' id='word_1_41' title='bbox 816 833 1051 883; x_wconf 87' lang='lat' dir='ltr'>denegando,</span> <span class='ocrx_word' id='word_1_42' title='bbox 1073 841 1096 856; x_wconf 84' lang='lat'>“</span> <span class='ocrx_word' id='word_1_43' title='bbox 1112 849 1322 886; x_wconf 84' lang='lat' dir='ltr'>supremum</span> <span class='ocrx_word' id='word_1_44' title='bbox 1338 845 1450 889; x_wconf 83' lang='lat' dir='ltr'>caput</span> <span class='ocrx_word' id='word_1_45' title='bbox 1465 845 1550 889; x_wconf 85' lang='lat' dir='ltr'>post</span> <span class='ocrx_word' id='word_1_46' title='bbox 1566 838 1691 876; x_wconf 71' lang='lat' dir='ltr'>Chris-</span> 
     </span>
     <span class='ocr_line' id='line_1_7' title="bbox 117 896 1687 950; baseline 0.005 -17"><span class='ocrx_word' id='word_1_47' title='bbox 117 903 195 933; x_wconf 86' lang='lat' dir='ltr'>tum</span> <span class='ocrx_word' id='word_1_48' title='bbox 219 896 388 934; x_wconf 75' lang='lat' dir='ltr'>ecclesiae</span> <span class='ocrx_word' id='word_1_49' title='bbox 407 896 666 946; x_wconf 75' lang='lat' dir='ltr'>Anglicanoe,”</span> <span class='ocrx_word' id='word_1_50' title='bbox 686 899 752 935; x_wconf 55' lang='lat' dir='ltr'>&amp;cn</span> <span class='ocrx_word' id='word_1_51' title='bbox 791 897 976 935; x_wconf 81' lang='lat' dir='ltr'>Universa</span> <span class='ocrx_word' id='word_1_52' title='bbox 997 899 1174 950; x_wconf 86' lang='lat' dir='ltr'>scriptura</span> <span class='ocrx_word' id='word_1_53' title='bbox 1192 901 1336 940; x_wconf 79' lang='lat' dir='ltr'>videtur</span> <span class='ocrx_word' id='word_1_54' title='bbox 1353 902 1424 940; x_wconf 87' lang='lat' dir='ltr'>hoc</span> <span class='ocrx_word' id='word_1_55' title='bbox 1447 903 1516 940; x_wconf 86' lang='lat' dir='ltr'>soli</span> <span class='ocrx_word' id='word_1_56' title='bbox 1536 902 1687 941; x_wconf 82' lang='lat' dir='ltr'>Christo</span> 
     </span>
     <span class='ocr_line' id='line_1_8' title="bbox 116 961 1686 1018; baseline 0.004 -20"><span class='ocrx_word' id='word_1_57' title='bbox 116 961 288 1006; x_wconf 85' lang='lat' dir='ltr'>tribuere,</span> <span class='ocrx_word' id='word_1_58' title='bbox 319 967 360 999; x_wconf 91' lang='lat' dir='ltr'>ut</span> <span class='ocrx_word' id='word_1_59' title='bbox 387 968 497 1013; x_wconf 89' lang='lat' dir='ltr'>caput</span> <span class='ocrx_word' id='word_1_60' title='bbox 525 963 695 1001; x_wconf 66' lang='lat' dir='ltr'>ecclesiae</span> <span class='ocrx_word' id='word_1_61' title='bbox 724 968 887 1000; x_wconf 79' lang='lat' dir='ltr'>vocetur.</span> <span class='ocrx_word' id='word_1_62' title='bbox 942 963 1125 1007; x_wconf 73' lang='lat' dir='ltr'>Secundo,</span> <span class='ocrx_word' id='word_1_63' title='bbox 1157 965 1188 1002; x_wconf 89' lang='lat' dir='ltr'>si</span> <span class='ocrx_word' id='word_1_64' title='bbox 1212 967 1345 1015; x_wconf 73' lang='lat' dir='ltr'>regina</span> <span class='ocrx_word' id='word_1_65' title='bbox 1371 980 1429 1004; x_wconf 88' lang='lat' dir='ltr'>me</span> <span class='ocrx_word' id='word_1_66' title='bbox 1459 967 1505 1004; x_wconf 85' lang='lat' dir='ltr'>ad</span> <span class='ocrx_word' id='word_1_67' title='bbox 1537 967 1686 1018; x_wconf 84' lang='lat' dir='ltr'>aliquod</span> 
     </span>
     <span class='ocr_line' id='line_1_9' title="bbox 118 1027 1688 1081; baseline 0.004 -18"><span class='ocrx_word' id='word_1_68' title='bbox 118 1040 252 1064; x_wconf 87' lang='lat' dir='ltr'>munus</span> <span class='ocrx_word' id='word_1_69' title='bbox 288 1027 594 1071; x_wconf 85' lang='lat' dir='ltr'>ecclesiasticum,</span> <span class='ocrx_word' id='word_1_70' title='bbox 631 1028 715 1064; x_wconf 90' lang='lat' dir='ltr'>dico</span> <span class='ocrx_word' id='word_1_71' title='bbox 751 1027 798 1064; x_wconf 89' lang='lat' dir='ltr'>ad</span> <span class='ocrx_word' id='word_1_72' title='bbox 832 1028 1029 1065; x_wconf 86' lang='lat' dir='ltr'>ecclesiam</span> <span class='ocrx_word' id='word_1_73' title='bbox 1066 1029 1226 1079; x_wconf 79' lang='lat' dir='ltr'><strong>aliquam</strong></span> <span class='ocrx_word' id='word_1_74' title='bbox 1264 1031 1478 1081; x_wconf 79' lang='lat' dir='ltr'>regendam,</span> <span class='ocrx_word' id='word_1_75' title='bbox 1517 1038 1688 1071; x_wconf 69' lang='lat' dir='ltr'>vocaretz</span> 
     </span>
     <span class='ocr_line' id='line_1_10' title="bbox 117 1091 1686 1143; baseline 0.004 -16"><span class='ocrx_word' id='word_1_76' title='bbox 117 1104 165 1127; x_wconf 86' lang='lat' dir='ltr'>an</span> <span class='ocrx_word' id='word_1_77' title='bbox 193 1091 295 1128; x_wconf 82' lang='lat' dir='ltr'>salva</span> <span class='ocrx_word' id='word_1_78' title='bbox 319 1091 551 1129; x_wconf 86' lang='lat' dir='ltr'>conscientia</span> <span class='ocrx_word' id='word_1_79' title='bbox 575 1092 739 1142; x_wconf 87' lang='lat' dir='ltr'>recipere</span> <span class='ocrx_word' id='word_1_80' title='bbox 764 1104 925 1142; x_wconf 87' lang='lat' dir='ltr'>possem,</span> <span class='ocrx_word' id='word_1_81' title='bbox 946 1106 1060 1143; x_wconf 88' lang='lat' dir='ltr'>quum</span> <span class='ocrx_word' id='word_1_82' title='bbox 1082 1092 1165 1131; x_wconf 77' lang='lat' dir='ltr'>haec</span> <span class='ocrx_word' id='word_1_83' title='bbox 1188 1094 1279 1132; x_wconf 77' lang='lat' dir='ltr'>milii</span> <span class='ocrx_word' id='word_1_84' title='bbox 1304 1095 1497 1133; x_wconf 71' lang='lat' dir='ltr'>videantur</span> <span class='ocrx_word' id='word_1_85' title='bbox 1522 1096 1686 1133; x_wconf 77' lang='lat' dir='ltr'>sufficere</span> 
     </span>
     <span class='ocr_line' id='line_1_11' title="bbox 118 1155 1685 1210; baseline 0.001 -18"><span class='ocrx_word' id='word_1_86' title='bbox 118 1155 369 1193; x_wconf 80' lang='lat' dir='ltr'>excusationis</span> <span class='ocrx_word' id='word_1_87' title='bbox 402 1156 498 1200; x_wconf 85' lang='lat' dir='ltr'>loco,</span> <span class='ocrx_word' id='word_1_88' title='bbox 532 1170 579 1193; x_wconf 91' lang='lat' dir='ltr'>ne</span> <span class='ocrx_word' id='word_1_89' title='bbox 609 1156 647 1193; x_wconf 92' lang='lat' dir='ltr'>in</span> <span class='ocrx_word' id='word_1_90' title='bbox 681 1157 718 1194; x_wconf 90' lang='lat' dir='ltr'>id</span> <span class='ocrx_word' id='word_1_91' title='bbox 751 1157 1021 1194; x_wconf 80' lang='lat' dir='ltr'>consentirem:</span> <span class='ocrx_word' id='word_1_92' title='bbox 1090 1159 1123 1195; x_wconf 88' lang='grc'>1.</span> <span class='ocrx_word' id='word_1_93' title='bbox 1164 1158 1275 1203; x_wconf 88' lang='lat' dir='ltr'>Quod</span> <span class='ocrx_word' id='word_1_94' title='bbox 1304 1166 1455 1210; x_wconf 84' lang='lat' dir='ltr'>propter</span> <span class='ocrx_word' id='word_1_95' title='bbox 1480 1160 1685 1210; x_wconf 58' lang='lat' dir='ltr'>disciplinae</span> 
     </span>
     <span class='ocr_line' id='line_1_12' title="bbox 116 1220 1685 1274; baseline 0.002 -17"><span class='ocrx_word' id='word_1_96' title='bbox 116 1220 382 1258; x_wconf 78' lang='lat' dir='ltr'>ecclesiasticae</span> <span class='ocrx_word' id='word_1_97' title='bbox 409 1220 593 1258; x_wconf 88' lang='lat' dir='ltr'>defectum</span> <span class='ocrx_word' id='word_1_98' title='bbox 619 1221 827 1272; x_wconf 87' lang='lat' dir='ltr'>episcopus,</span> <span class='ocrx_word' id='word_1_99' title='bbox 855 1221 913 1258; x_wconf 87' lang='lat' dir='ltr'>vel</span> <span class='ocrx_word' id='word_1_100' title='bbox 938 1228 1077 1272; x_wconf 85' lang='lat' dir='ltr'>pastor,</span> <span class='ocrx_word' id='word_1_101' title='bbox 1098 1235 1173 1260; x_wconf 91' lang='lat' dir='ltr'>non</span> <span class='ocrx_word' id='word_1_102' title='bbox 1198 1224 1315 1274; x_wconf 85' lang='lat' dir='ltr'>possit</span> <span class='ocrx_word' id='word_1_103' title='bbox 1333 1237 1400 1261; x_wconf 90' lang='lat' dir='ltr'>suo</span> <span class='ocrx_word' id='word_1_104' title='bbox 1424 1224 1530 1274; x_wconf 82' lang='lat' dir='ltr'>fungi</span> <span class='ocrx_word' id='word_1_105' title='bbox 1550 1223 1685 1261; x_wconf 83' lang='lat' dir='ltr'>officio.</span> 
     </span>
     <span class='ocr_line' id='line_1_13' title="bbox 118 1284 1686 1339; baseline 0.004 -20"><span class='ocrx_word' id='word_1_106' title='bbox 118 1286 154 1320; x_wconf 72' lang='lat'>52.</span> <span class='ocrx_word' id='word_1_107' title='bbox 194 1284 307 1329; x_wconf 79' lang='lat' dir='ltr'>Quod</span> <span class='ocrx_word' id='word_1_108' title='bbox 337 1290 395 1322; x_wconf 85' lang='lat' dir='ltr'>tot</span> <span class='ocrx_word' id='word_1_109' title='bbox 436 1284 510 1322; x_wconf 90' lang='lat' dir='ltr'>sint</span> <span class='ocrx_word' id='word_1_110' title='bbox 541 1285 665 1323; x_wconf 87' lang='lat' dir='ltr'>civilia</span> <span class='ocrx_word' id='word_1_111' title='bbox 697 1286 914 1336; x_wconf 81' lang='lat' dir='ltr'>gravamina</span> <span class='ocrx_word' id='word_1_112' title='bbox 953 1287 1185 1337; x_wconf 79' lang='lat' dir='ltr'>episcopatui</span> <span class='ocrx_word' id='word_1_113' title='bbox 1226 1288 1282 1325; x_wconf 72' lang='lat' dir='ltr'>vel</span> <span class='ocrx_word' id='word_1_114' title='bbox 1324 1289 1465 1339; x_wconf 88' lang='lat' dir='ltr'>pastori</span> <span class='ocrx_word' id='word_1_115' title='bbox 1502 1288 1686 1338; x_wconf 84' lang='lat' dir='ltr'>imposita,</span> 
     </span>
     <span class='ocr_line' id='line_1_14' title="bbox 118 1349 1685 1402; baseline 0.001 -15"><span class='ocrx_word' id='word_1_116' title='bbox 118 1355 159 1387; x_wconf 88' lang='lat' dir='ltr'>ut</span> <span class='ocrx_word' id='word_1_117' title='bbox 191 1355 281 1399; x_wconf 87' lang='lat' dir='ltr'>puta</span> <span class='ocrx_word' id='word_1_118' title='bbox 309 1350 511 1400; x_wconf 80' lang='lat' dir='ltr'>prilnorum</span> <span class='ocrx_word' id='word_1_119' title='bbox 543 1349 603 1402; x_wconf 89' lang='lat' dir='ltr'>(ut</span> <span class='ocrx_word' id='word_1_120' title='bbox 631 1349 805 1401; x_wconf 84' lang='lat' dir='ltr'>dicimus)</span> <span class='ocrx_word' id='word_1_121' title='bbox 838 1350 1000 1402; x_wconf 83' lang='lat' dir='ltr'>frugum,</span> <span class='ocrx_word' id='word_1_122' title='bbox 1027 1351 1051 1389; x_wconf 92' lang='lat' dir='ltr'>i.</span> <span class='ocrx_word' id='word_1_123' title='bbox 1066 1366 1096 1389; x_wconf 89' lang='lat' dir='ltr'>c.</span> <span class='ocrx_word' id='word_1_124' title='bbox 1127 1351 1310 1389; x_wconf 79' lang='lat' dir='ltr'>redituum</span> <span class='ocrx_word' id='word_1_125' title='bbox 1340 1352 1447 1402; x_wconf 88' lang='lat' dir='ltr'>primi</span> <span class='ocrx_word' id='word_1_126' title='bbox 1480 1353 1579 1395; x_wconf 85' lang='lat' dir='ltr'>anni,</span> <span class='ocrx_word' id='word_1_127' title='bbox 1608 1358 1685 1389; x_wconf 90' lang='lat' dir='ltr'>tum</span> 
     </span>
     <span class='ocr_line' id='line_1_15' title="bbox 114 1415 1684 1466; baseline 0.001 -15"><span class='ocrx_word' id='word_1_128' title='bbox 114 1415 354 1458; x_wconf 86' lang='lat' dir='ltr'>decimarum,</span> <span class='ocrx_word' id='word_1_129' title='bbox 393 1415 440 1452; x_wconf 92' lang='lat' dir='ltr'>ad</span> <span class='ocrx_word' id='word_1_130' title='bbox 472 1415 555 1453; x_wconf 77' lang='lat' dir='ltr'>hoec</span> <span class='ocrx_word' id='word_1_131' title='bbox 587 1416 625 1452; x_wconf 89' lang='lat' dir='ltr'>in</span> <span class='ocrx_word' id='word_1_132' title='bbox 662 1416 939 1466; x_wconf 84' lang='lat' dir='ltr'>episcopatibus</span> <span class='ocrx_word' id='word_1_133' title='bbox 974 1423 1030 1453; x_wconf 87' lang='lat' dir='ltr'>tot</span> <span class='ocrx_word' id='word_1_134' title='bbox 1061 1423 1099 1453; x_wconf 87' lang='lat' dir='ltr'>et</span> <span class='ocrx_word' id='word_1_135' title='bbox 1133 1423 1239 1454; x_wconf 85' lang='lat' dir='ltr'>tanta</span> <span class='ocrx_word' id='word_1_136' title='bbox 1271 1417 1491 1455; x_wconf 85' lang='lat' dir='ltr'>insumenda</span> <span class='ocrx_word' id='word_1_137' title='bbox 1528 1423 1614 1454; x_wconf 87' lang='lat' dir='ltr'>sunt</span> <span class='ocrx_word' id='word_1_138' title='bbox 1648 1418 1684 1453; x_wconf 88' lang='lat' dir='ltr'>in</span> 
     </span>
     <span class='ocr_line' id='line_1_16' title="bbox 115 1479 1686 1532; baseline 0.001 -16"><span class='ocrx_word' id='word_1_139' title='bbox 115 1479 221 1529; x_wconf 86' lang='lat' dir='ltr'>equis</span> <span class='ocrx_word' id='word_1_140' title='bbox 248 1479 402 1523; x_wconf 81' lang='lat' dir='ltr'>alendis,</span> <span class='ocrx_word' id='word_1_141' title='bbox 436 1480 474 1516; x_wconf 91' lang='lat' dir='ltr'>in</span> <span class='ocrx_word' id='word_1_142' title='bbox 503 1480 626 1525; x_wconf 89' lang='lat' dir='ltr'>armis,</span> <span class='ocrx_word' id='word_1_143' title='bbox 657 1480 696 1517; x_wconf 90' lang='lat' dir='ltr'>in</span> <span class='ocrx_word' id='word_1_144' title='bbox 726 1480 867 1524; x_wconf 81' lang='lat' dir='ltr'>aulicis,</span> <span class='ocrx_word' id='word_1_145' title='bbox 897 1494 982 1531; x_wconf 63' lang='lat' dir='ltr'>quie</span> <span class='ocrx_word' id='word_1_146' title='bbox 1008 1494 1152 1531; x_wconf 84' lang='lat' dir='ltr'>semper</span> <span class='ocrx_word' id='word_1_147' title='bbox 1177 1489 1314 1532; x_wconf 79' lang='lat' dir='ltr'>praesto</span> <span class='ocrx_word' id='word_1_148' title='bbox 1342 1482 1476 1519; x_wconf 86' lang='lat' dir='ltr'>debent</span> <span class='ocrx_word' id='word_1_149' title='bbox 1503 1495 1595 1526; x_wconf 85' lang='lat' dir='ltr'>esse,</span> <span class='ocrx_word' id='word_1_150' title='bbox 1621 1483 1686 1519; x_wconf 61' lang='lat' dir='ltr'>&amp;tu</span> 
     </span>
     <span class='ocr_line' id='line_1_17' title="bbox 115 1545 1688 1596; baseline 0.002 -16"><span class='ocrx_word' id='word_1_151' title='bbox 115 1550 156 1580; x_wconf 80' lang='lat' dir='ltr'>ut</span> <span class='ocrx_word' id='word_1_152' title='bbox 186 1550 228 1581; x_wconf 90' lang='lat' dir='ltr'>tu</span> <span class='ocrx_word' id='word_1_153' title='bbox 255 1545 365 1589; x_wconf 74' lang='lat' dir='ltr'>nosti,</span> <span class='ocrx_word' id='word_1_154' title='bbox 402 1550 443 1581; x_wconf 87' lang='lat' dir='ltr'>ut</span> <span class='ocrx_word' id='word_1_155' title='bbox 473 1558 583 1595; x_wconf 89' lang='lat' dir='ltr'>quam</span> <span class='ocrx_word' id='word_1_156' title='bbox 615 1545 771 1582; x_wconf 87' lang='lat' dir='ltr'>minima</span> <span class='ocrx_word' id='word_1_157' title='bbox 806 1559 889 1596; x_wconf 87' lang='lat' dir='ltr'>pars</span> <span class='ocrx_word' id='word_1_158' title='bbox 918 1545 1198 1596; x_wconf 78' lang='lat' dir='ltr'>episcopatuum</span> <span class='ocrx_word' id='word_1_159' title='bbox 1231 1546 1458 1596; x_wconf 78' lang='lat' dir='ltr'>relinquatur</span> <span class='ocrx_word' id='word_1_160' title='bbox 1482 1546 1528 1583; x_wconf 88' lang='lat' dir='ltr'>ad</span> <span class='ocrx_word' id='word_1_161' title='bbox 1561 1559 1688 1583; x_wconf 89' lang='lat' dir='ltr'>neces-</span> 
     </span>
     <span class='ocr_line' id='line_1_18' title="bbox 114 1608 1688 1661; baseline 0.001 -16"><span class='ocrx_word' id='word_1_162' title='bbox 114 1608 211 1646; x_wconf 86' lang='lat' dir='ltr'>saria</span> <span class='ocrx_word' id='word_1_163' title='bbox 244 1610 418 1659; x_wconf 89' lang='lat' dir='ltr'>episcopo</span> <span class='ocrx_word' id='word_1_164' title='bbox 452 1609 580 1646; x_wconf 86' lang='lat' dir='ltr'>munia</span> <span class='ocrx_word' id='word_1_165' title='bbox 612 1610 795 1654; x_wconf 81' lang='lat' dir='ltr'>obeunda,</span> <span class='ocrx_word' id='word_1_166' title='bbox 829 1624 963 1660; x_wconf 85' lang='lat' dir='ltr'>nempe</span> <span class='ocrx_word' id='word_1_167' title='bbox 990 1610 1044 1647; x_wconf 61' lang='lat' dir='ltr'>‘ad</span> <span class='ocrx_word' id='word_1_168' title='bbox 1076 1610 1207 1648; x_wconf 89' lang='lat' dir='ltr'>doctos</span> <span class='ocrx_word' id='word_1_169' title='bbox 1240 1611 1404 1656; x_wconf 83' lang='lat' dir='ltr'>alendos,</span> <span class='ocrx_word' id='word_1_170' title='bbox 1433 1611 1479 1648; x_wconf 90' lang='lat' dir='ltr'>ad</span> <span class='ocrx_word' id='word_1_171' title='bbox 1509 1624 1688 1661; x_wconf 82' lang='lat' dir='ltr'>pauperes</span> 
     </span>
     <span class='ocr_line' id='line_1_19' title="bbox 113 1673 1687 1725; baseline 0.001 -15"><span class='ocrx_word' id='word_1_172' title='bbox 113 1673 335 1723; x_wconf 67' lang='lat' dir='ltr'>pascendos,</span> <span class='ocrx_word' id='word_1_173' title='bbox 366 1674 512 1724; x_wconf 86' lang='lat' dir='ltr'>aliaque</span> <span class='ocrx_word' id='word_1_174' title='bbox 542 1674 717 1711; x_wconf 82' lang='lat' dir='ltr'>facienda</span> <span class='ocrx_word' id='word_1_175' title='bbox 745 1688 831 1725; x_wconf 76' lang='lat' dir='ltr'>quae</span> <span class='ocrx_word' id='word_1_176' title='bbox 862 1675 958 1712; x_wconf 88' lang='lat' dir='ltr'>illius</span> <span class='ocrx_word' id='word_1_177' title='bbox 984 1675 1231 1713; x_wconf 86' lang='lat' dir='ltr'>ministerium</span> <span class='ocrx_word' id='word_1_178' title='bbox 1259 1675 1415 1712; x_wconf 85' lang='lat' dir='ltr'>reddant</span> <span class='ocrx_word' id='word_1_179' title='bbox 1446 1680 1604 1725; x_wconf 75' lang='lat' dir='ltr'>gratum.</span> <span class='ocrx_word' id='word_1_180' title='bbox 1650 1678 1687 1712; x_wconf 89' lang='lat'>3.</span> 
     </span>
     <span class='ocr_line' id='line_1_20' title="bbox 118 1737 1691 1790; baseline 0.001 -15"><span class='ocrx_word' id='word_1_181' title='bbox 118 1738 172 1775; x_wconf 80' lang='lat' dir='ltr'>Ut</span> <span class='ocrx_word' id='word_1_182' title='bbox 198 1737 271 1775; x_wconf 88' lang='lat' dir='ltr'>hoc</span> <span class='ocrx_word' id='word_1_183' title='bbox 299 1738 346 1775; x_wconf 88' lang='lat' dir='ltr'>ad</span> <span class='ocrx_word' id='word_1_184' title='bbox 373 1738 569 1789; x_wconf 84' lang='lat' dir='ltr'>episcopos</span> <span class='ocrx_word' id='word_1_185' title='bbox 597 1739 785 1790; x_wconf 57' lang='lat' dir='ltr'>principue</span> <span class='ocrx_word' id='word_1_186' title='bbox 807 1739 997 1784; x_wconf 83' lang='lat' dir='ltr'>referatur,</span> <span class='ocrx_word' id='word_1_187' title='bbox 1027 1740 1127 1790; x_wconf 88' lang='lat' dir='ltr'>quod</span> <span class='ocrx_word' id='word_1_188' title='bbox 1151 1753 1249 1777; x_wconf 87' lang='lat' dir='ltr'>nunc</span> <span class='ocrx_word' id='word_1_189' title='bbox 1278 1740 1413 1784; x_wconf 88' lang='lat' dir='ltr'>scribo,</span> <span class='ocrx_word' id='word_1_190' title='bbox 1442 1745 1547 1776; x_wconf 86' lang='lat' dir='ltr'>tanta</span> <span class='ocrx_word' id='word_1_191' title='bbox 1574 1739 1691 1777; x_wconf 85' lang='lat' dir='ltr'>estin</span> 
     </span>
     <span class='ocr_line' id='line_1_21' title="bbox 115 1802 1688 1855; baseline 0.001 -16"><span class='ocrx_word' id='word_1_192' title='bbox 115 1815 244 1839; x_wconf 87' lang='lat' dir='ltr'>eorum</span> <span class='ocrx_word' id='word_1_193' title='bbox 263 1802 445 1840; x_wconf 87' lang='lat' dir='ltr'>electione</span> <span class='ocrx_word' id='word_1_194' title='bbox 465 1803 705 1852; x_wconf 82' lang='lat' dir='ltr'>degeneratio</span> <span class='ocrx_word' id='word_1_195' title='bbox 724 1817 745 1840; x_wconf 88' lang='lat' dir='ltr'>a</span> <span class='ocrx_word' id='word_1_196' title='bbox 762 1804 881 1854; x_wconf 83' lang='lat' dir='ltr'>prima</span> <span class='ocrx_word' id='word_1_197' title='bbox 898 1804 1146 1849; x_wconf 87' lang='lat' dir='ltr'>institutione,</span> <span class='ocrx_word' id='word_1_198' title='bbox 1171 1803 1311 1855; x_wconf 88' lang='lat' dir='ltr'>(neque</span> <span class='ocrx_word' id='word_1_199' title='bbox 1331 1804 1418 1842; x_wconf 89' lang='lat' dir='ltr'>cleri</span> <span class='ocrx_word' id='word_1_200' title='bbox 1436 1804 1548 1847; x_wconf 86' lang='lat' dir='ltr'>enim,</span> <span class='ocrx_word' id='word_1_201' title='bbox 1568 1817 1688 1854; x_wconf 80' lang='lat' dir='ltr'>neque</span> 
     </span>
     <span class='ocr_line' id='line_1_22' title="bbox 115 1867 1689 1919; baseline 0.001 -16"><span class='ocrx_word' id='word_1_202' title='bbox 115 1867 241 1916; x_wconf 88' lang='lat' dir='ltr'>populi</span> <span class='ocrx_word' id='word_1_203' title='bbox 270 1880 470 1904; x_wconf 83' lang='lat' dir='ltr'>consensus</span> <span class='ocrx_word' id='word_1_204' title='bbox 499 1868 684 1917; x_wconf 83' lang='lat' dir='ltr'>habetur,)</span> <span class='ocrx_word' id='word_1_205' title='bbox 713 1873 818 1905; x_wconf 87' lang='lat' dir='ltr'>tanta</span> <span class='ocrx_word' id='word_1_206' title='bbox 839 1868 1087 1918; x_wconf 80' lang='lat' dir='ltr'>superstitiosi</span> <span class='ocrx_word' id='word_1_207' title='bbox 1112 1874 1263 1906; x_wconf 86' lang='lat' dir='ltr'>ornatus</span> <span class='ocrx_word' id='word_1_208' title='bbox 1291 1868 1512 1919; x_wconf 86' lang='lat' dir='ltr'>episcopalis</span> <span class='ocrx_word' id='word_1_209' title='bbox 1534 1868 1689 1911; x_wconf 75' lang='lat' dir='ltr'>vanitas,</span> 
     </span>
     <span class='ocr_line' id='line_1_23' title="bbox 116 1931 1687 1984; baseline 0 -16"><span class='ocrx_word' id='word_1_210' title='bbox 116 1945 164 1968; x_wconf 88' lang='lat' dir='ltr'>ne</span> <span class='ocrx_word' id='word_1_211' title='bbox 197 1931 317 1968; x_wconf 85' lang='lat' dir='ltr'>dicam</span> <span class='ocrx_word' id='word_1_212' title='bbox 347 1932 567 1982; x_wconf 63' lang='lat' dir='ltr'>indignitaS,</span> <span class='ocrx_word' id='word_1_213' title='bbox 596 1939 735 1981; x_wconf 87' lang='lat' dir='ltr'>quanta</span> <span class='ocrx_word' id='word_1_214' title='bbox 764 1933 825 1970; x_wconf 77' lang='lat' dir='ltr'>vix</span> <span class='ocrx_word' id='word_1_215' title='bbox 857 1938 947 1984; x_wconf 89' lang='lat' dir='ltr'>puto</span> <span class='ocrx_word' id='word_1_216' title='bbox 976 1934 1069 1970; x_wconf 89' lang='lat' dir='ltr'>bene</span> <span class='ocrx_word' id='word_1_217' title='bbox 1099 1933 1182 1971; x_wconf 86' lang='lat' dir='ltr'>ferri</span> <span class='ocrx_word' id='word_1_218' title='bbox 1211 1933 1342 1982; x_wconf 86' lang='lat' dir='ltr'>possit,</span> <span class='ocrx_word' id='word_1_219' title='bbox 1366 1932 1397 1969; x_wconf 89' lang='lat' dir='ltr'>si</span> <span class='ocrx_word' id='word_1_220' title='bbox 1426 1932 1539 1969; x_wconf 87' lang='lat' dir='ltr'>modo</span> <span class='ocrx_word' id='word_1_221' title='bbox 1563 1931 1687 1969; x_wconf 78' lang='lat' dir='ltr'>onmia</span> 
     </span>
     <span class='ocr_line' id='line_1_24' title="bbox 117 1995 856 2047; baseline 0.001 -15"><span class='ocrx_word' id='word_1_222' title='bbox 117 1995 225 2032; x_wconf 85' lang='lat' dir='ltr'>nobis</span> <span class='ocrx_word' id='word_1_223' title='bbox 247 1996 417 2033; x_wconf 85' lang='lat' dir='ltr'>facienda</span> <span class='ocrx_word' id='word_1_224' title='bbox 438 1997 485 2033; x_wconf 85' lang='lat' dir='ltr'>ad</span> <span class='ocrx_word' id='word_1_225' title='bbox 510 1997 546 2034; x_wconf 93' lang='lat' dir='ltr'>id</span> <span class='ocrx_word' id='word_1_226' title='bbox 571 1997 671 2046; x_wconf 87' lang='lat' dir='ltr'>quod</span> <span class='ocrx_word' id='word_1_227' title='bbox 694 1997 856 2047; x_wconf 76' lang='lat' dir='ltr'>expedit.</span> 
     </span>
    </p>

    <p class='ocr_par' dir='ltr' id='par_1_5' title="bbox 114 2060 1688 2753">
     <span class='ocr_line' id='line_1_25' title="bbox 195 2060 1686 2112; baseline 0.001 -17"><span class='ocrx_word' id='word_1_228' title='bbox 195 2060 307 2103; x_wconf 85' lang='lat' dir='ltr'>Quod</span> <span class='ocrx_word' id='word_1_229' title='bbox 340 2060 387 2097; x_wconf 90' lang='lat' dir='ltr'>ad</span> <span class='ocrx_word' id='word_1_230' title='bbox 418 2073 478 2097; x_wconf 89' lang='lat' dir='ltr'>me</span> <span class='ocrx_word' id='word_1_231' title='bbox 511 2061 658 2104; x_wconf 85' lang='lat' dir='ltr'>attinet,</span> <span class='ocrx_word' id='word_1_232' title='bbox 690 2074 767 2098; x_wconf 90' lang='lat' dir='ltr'>non</span> <span class='ocrx_word' id='word_1_233' title='bbox 799 2061 884 2098; x_wconf 75' lang='lat' dir='ltr'>haec</span> <span class='ocrx_word' id='word_1_234' title='bbox 912 2061 1034 2099; x_wconf 86' lang='lat' dir='ltr'>scribo</span> <span class='ocrx_word' id='word_1_235' title='bbox 1069 2062 1172 2112; x_wconf 84' lang='lat' dir='ltr'>quasi</span> <span class='ocrx_word' id='word_1_236' title='bbox 1201 2061 1290 2098; x_wconf 84' lang='lat' dir='ltr'>talia</span> <span class='ocrx_word' id='word_1_237' title='bbox 1322 2075 1533 2112; x_wconf 82' lang='lat' dir='ltr'>sperarem;</span> <span class='ocrx_word' id='word_1_238' title='bbox 1571 2061 1686 2097; x_wconf 89' lang='lat' dir='ltr'>immo</span> 
     </span>
     <span class='ocr_line' id='line_1_26' title="bbox 115 2123 1688 2175; baseline -0.001 -14"><span class='ocrx_word' id='word_1_239' title='bbox 115 2123 241 2161; x_wconf 80' lang='lat' dir='ltr'>Deum</span> <span class='ocrx_word' id='word_1_240' title='bbox 275 2136 407 2173; x_wconf 80' lang='lat' dir='ltr'>precor</span> <span class='ocrx_word' id='word_1_241' title='bbox 438 2137 484 2161; x_wconf 81' lang='lat' dir='ltr'>ex</span> <span class='ocrx_word' id='word_1_242' title='bbox 515 2125 655 2168; x_wconf 82' lang='lat' dir='ltr'>animo,</span> <span class='ocrx_word' id='word_1_243' title='bbox 690 2138 737 2162; x_wconf 89' lang='lat' dir='ltr'>nc</span> <span class='ocrx_word' id='word_1_244' title='bbox 772 2138 934 2175; x_wconf 84' lang='lat' dir='ltr'>unquam</span> <span class='ocrx_word' id='word_1_245' title='bbox 968 2125 1058 2162; x_wconf 88' lang='lat' dir='ltr'>talia</span> <span class='ocrx_word' id='word_1_246' title='bbox 1086 2125 1177 2162; x_wconf 77' lang='lat' dir='ltr'>mihi</span> <span class='ocrx_word' id='word_1_247' title='bbox 1203 2125 1425 2175; x_wconf 70' lang='lat' dir='ltr'>contingant</span> <span class='ocrx_word' id='word_1_248' title='bbox 1455 2137 1587 2167; x_wconf 85' lang='lat' dir='ltr'>oncra;</span> <span class='ocrx_word' id='word_1_249' title='bbox 1624 2124 1688 2161; x_wconf 76' lang='lat' dir='ltr'>sed</span> 
     </span>
     <span class='ocr_line' id='line_1_27' title="bbox 116 2187 1688 2240; baseline 0 -16"><span class='ocrx_word' id='word_1_250' title='bbox 116 2196 152 2225; x_wconf 85' lang='lat' dir='ltr'>tc</span> <span class='ocrx_word' id='word_1_251' title='bbox 179 2187 360 2225; x_wconf 88' lang='lat' dir='ltr'>fidissimo</span> <span class='ocrx_word' id='word_1_252' title='bbox 383 2201 468 2225; x_wconf 90' lang='lat' dir='ltr'>meo</span> <span class='ocrx_word' id='word_1_253' title='bbox 498 2194 650 2238; x_wconf 88' lang='lat' dir='ltr'>parente</span> <span class='ocrx_word' id='word_1_254' title='bbox 681 2189 877 2226; x_wconf 87' lang='lat' dir='ltr'>consilium</span> <span class='ocrx_word' id='word_1_255' title='bbox 900 2195 1002 2239; x_wconf 87' lang='lat' dir='ltr'>pcto,</span> <span class='ocrx_word' id='word_1_256' title='bbox 1031 2203 1105 2239; x_wconf 90' lang='lat' dir='ltr'>quo</span> <span class='ocrx_word' id='word_1_257' title='bbox 1133 2190 1270 2240; x_wconf 86' lang='lat' dir='ltr'>possim</span> <span class='ocrx_word' id='word_1_258' title='bbox 1301 2189 1517 2226; x_wconf 78' lang='lat' dir='ltr'>instructior</span> <span class='ocrx_word' id='word_1_259' title='bbox 1539 2202 1632 2231; x_wconf 83' lang='lat' dir='ltr'>esse,</span> <span class='ocrx_word' id='word_1_260' title='bbox 1658 2188 1688 2224; x_wconf 74' lang='lat' dir='ltr'>si</span> 
     </span>
     <span class='ocr_line' id='line_1_28' title="bbox 115 2251 1687 2303; baseline 0 -14"><span class='ocrx_word' id='word_1_261' title='bbox 115 2252 205 2289; x_wconf 86' lang='lat' dir='ltr'>talia</span> <span class='ocrx_word' id='word_1_262' title='bbox 235 2251 327 2288; x_wconf 84' lang='lat' dir='ltr'>mihi</span> <span class='ocrx_word' id='word_1_263' title='bbox 361 2252 571 2302; x_wconf 80' lang='lat' dir='ltr'>obtingant.</span> <span class='ocrx_word' id='word_1_264' title='bbox 628 2253 712 2301; x_wconf 60' lang='lat' dir='ltr'>Ego</span> <span class='ocrx_word' id='word_1_265' title='bbox 745 2253 797 2290; x_wconf 84' lang='lat' dir='ltr'>sie</span> <span class='ocrx_word' id='word_1_266' title='bbox 829 2254 1103 2303; x_wconf 77' lang='lat' dir='ltr'>responderem,</span> <span class='ocrx_word' id='word_1_267' title='bbox 1138 2267 1197 2290; x_wconf 88' lang='lat' dir='ltr'>mc</span> <span class='ocrx_word' id='word_1_268' title='bbox 1230 2253 1377 2303; x_wconf 89' lang='lat' dir='ltr'>quidem</span> <span class='ocrx_word' id='word_1_269' title='bbox 1406 2260 1573 2303; x_wconf 85' lang='lat' dir='ltr'>paratum</span> <span class='ocrx_word' id='word_1_270' title='bbox 1606 2265 1687 2289; x_wconf 81' lang='lat' dir='ltr'>esso</span> 
     </span>
     <span class='ocr_line' id='line_1_29' title="bbox 115 2317 1683 2367; baseline -0.001 -14"><span class='ocrx_word' id='word_1_271' title='bbox 115 2317 154 2353; x_wconf 88' lang='lat' dir='ltr'>in</span> <span class='ocrx_word' id='word_1_272' title='bbox 185 2317 308 2366; x_wconf 85' lang='lat' dir='ltr'>aliquo</span> <span class='ocrx_word' id='word_1_273' title='bbox 341 2329 562 2367; x_wconf 79' lang='lat' dir='ltr'>quocunque</span> <span class='ocrx_word' id='word_1_274' title='bbox 591 2317 676 2354; x_wconf 86' lang='lat' dir='ltr'>velit</span> <span class='ocrx_word' id='word_1_275' title='bbox 709 2317 770 2354; x_wconf 90' lang='lat' dir='ltr'>illa</span> <span class='ocrx_word' id='word_1_276' title='bbox 803 2318 978 2354; x_wconf 88' lang='lat' dir='ltr'>inservire</span> <span class='ocrx_word' id='word_1_277' title='bbox 1010 2318 1258 2355; x_wconf 87' lang='lat' dir='ltr'>concionandi</span> <span class='ocrx_word' id='word_1_278' title='bbox 1294 2331 1467 2357; x_wconf 86' lang='lat' dir='ltr'>munere:</span> <span class='ocrx_word' id='word_1_279' title='bbox 1507 2323 1683 2354; x_wconf 54' lang='lat' dir='ltr'>ezr-terum</span> 
     </span>
     <span class='ocr_line' id='line_1_30' title="bbox 117 2381 1686 2432; baseline -0.001 -14"><span class='ocrx_word' id='word_1_280' title='bbox 117 2381 309 2418; x_wconf 80' lang='lat' dir='ltr'>ecclesiam</span> <span class='ocrx_word' id='word_1_281' title='bbox 330 2381 534 2430; x_wconf 66' lang='lat' dir='ltr'>regendam</span> <span class='ocrx_word' id='word_1_282' title='bbox 555 2393 613 2418; x_wconf 85' lang='lat' dir='ltr'>mc</span> <span class='ocrx_word' id='word_1_283' title='bbox 633 2394 709 2418; x_wconf 91' lang='lat' dir='ltr'>non</span> <span class='ocrx_word' id='word_1_284' title='bbox 729 2395 838 2432; x_wconf 77' lang='lat' dir='ltr'>posse</span> <span class='ocrx_word' id='word_1_285' title='bbox 858 2382 1056 2432; x_wconf 78' lang='lat' dir='ltr'>suscipere,</span> <span class='ocrx_word' id='word_1_286' title='bbox 1076 2382 1148 2418; x_wconf 79' lang='lat' dir='ltr'>nisi</span> <span class='ocrx_word' id='word_1_287' title='bbox 1166 2382 1247 2432; x_wconf 88' lang='lat' dir='ltr'>ipsa</span> <span class='ocrx_word' id='word_1_288' title='bbox 1265 2383 1376 2432; x_wconf 85' lang='lat' dir='ltr'>prius,</span> <span class='ocrx_word' id='word_1_289' title='bbox 1393 2383 1493 2431; x_wconf 79' lang='lat' dir='ltr'>justa</span> <span class='ocrx_word' id='word_1_290' title='bbox 1511 2381 1686 2418; x_wconf 87' lang='lat' dir='ltr'>reforma-</span> 
     </span>
     <span class='ocr_line' id='line_1_31' title="bbox 116 2445 1685 2495; baseline -0.001 -13"><span class='ocrx_word' id='word_1_291' title='bbox 116 2445 218 2482; x_wconf 88' lang='lat' dir='ltr'>tione</span> <span class='ocrx_word' id='word_1_292' title='bbox 237 2445 572 2482; x_wconf 72' lang='lat' dir='ltr'>ecclesiasticorum</span> <span class='ocrx_word' id='word_1_293' title='bbox 593 2458 786 2482; x_wconf 87' lang='lat' dir='ltr'>muncrum</span> <span class='ocrx_word' id='word_1_294' title='bbox 807 2446 916 2490; x_wconf 82' lang='lat' dir='ltr'>facta,</span> <span class='ocrx_word' id='word_1_295' title='bbox 938 2446 1118 2483; x_wconf 86' lang='lat' dir='ltr'>ministris</span> <span class='ocrx_word' id='word_1_296' title='bbox 1130 2447 1190 2495; x_wconf 85' lang='lat' dir='ltr'>jus</span> <span class='ocrx_word' id='word_1_297' title='bbox 1207 2447 1390 2484; x_wconf 80' lang='lat' dir='ltr'>concedat</span> <span class='ocrx_word' id='word_1_298' title='bbox 1409 2445 1535 2482; x_wconf 87' lang='lat' dir='ltr'>omnia</span> <span class='ocrx_word' id='word_1_299' title='bbox 1554 2458 1685 2482; x_wconf 89' lang='lat' dir='ltr'>secun-</span> 
     </span>
     <span class='ocr_line' id='line_1_32' title="bbox 115 2509 1684 2560; baseline -0.001 -14"><span class='ocrx_word' id='word_1_300' title='bbox 115 2510 203 2547; x_wconf 91' lang='lat' dir='ltr'>dum</span> <span class='ocrx_word' id='word_1_301' title='bbox 221 2510 372 2546; x_wconf 82' lang='lat' dir='ltr'>verbum</span> <span class='ocrx_word' id='word_1_302' title='bbox 395 2510 466 2547; x_wconf 91' lang='lat' dir='ltr'>Dei</span> <span class='ocrx_word' id='word_1_303' title='bbox 493 2510 787 2554; x_wconf 80' lang='lat' dir='ltr'>administramli,</span> <span class='ocrx_word' id='word_1_304' title='bbox 808 2516 844 2546; x_wconf 90' lang='lat' dir='ltr'>et</span> <span class='ocrx_word' id='word_1_305' title='bbox 870 2516 1047 2560; x_wconf 87' lang='lat' dir='ltr'>quantum</span> <span class='ocrx_word' id='word_1_306' title='bbox 1073 2510 1119 2547; x_wconf 85' lang='lat' dir='ltr'>ad</span> <span class='ocrx_word' id='word_1_307' title='bbox 1142 2510 1360 2554; x_wconf 87' lang='lat' dir='ltr'>doctrinam,</span> <span class='ocrx_word' id='word_1_308' title='bbox 1387 2516 1424 2547; x_wconf 87' lang='lat' dir='ltr'>et</span> <span class='ocrx_word' id='word_1_309' title='bbox 1442 2515 1618 2560; x_wconf 73' lang='lat' dir='ltr'>qiiantum</span> <span class='ocrx_word' id='word_1_310' title='bbox 1639 2509 1684 2545; x_wconf 84' lang='lat' dir='ltr'>ad</span> 
     </span>
     <span class='ocr_line' id='line_1_33' title="bbox 116 2573 1685 2625; baseline -0.002 -14"><span class='ocrx_word' id='word_1_311' title='bbox 116 2574 363 2625; x_wconf 86' lang='lat' dir='ltr'>disciplinam,</span> <span class='ocrx_word' id='word_1_312' title='bbox 397 2581 434 2611; x_wconf 88' lang='lat' dir='ltr'>ct</span> <span class='ocrx_word' id='word_1_313' title='bbox 467 2581 645 2625; x_wconf 87' lang='lat' dir='ltr'>quantum</span> <span class='ocrx_word' id='word_1_314' title='bbox 677 2575 723 2611; x_wconf 85' lang='lat' dir='ltr'>ad</span> <span class='ocrx_word' id='word_1_315' title='bbox 758 2575 854 2612; x_wconf 86' lang='lat' dir='ltr'>bona</span> <span class='ocrx_word' id='word_1_316' title='bbox 883 2574 1146 2612; x_wconf 81' lang='lat' dir='ltr'>ecclesiastica.</span> <span class='ocrx_word' id='word_1_317' title='bbox 1201 2574 1240 2611; x_wconf 83' lang='lat' dir='ltr'>Si</span> <span class='ocrx_word' id='word_1_318' title='bbox 1273 2581 1396 2611; x_wconf 89' lang='lat' dir='ltr'>autem</span> <span class='ocrx_word' id='word_1_319' title='bbox 1428 2587 1512 2623; x_wconf 74' lang='lat' dir='ltr'>qua·</span> <span class='ocrx_word' id='word_1_320' title='bbox 1547 2573 1594 2610; x_wconf 90' lang='lat' dir='ltr'>sit</span> <span class='ocrx_word' id='word_1_321' title='bbox 1625 2573 1685 2609; x_wconf 80' lang='lat' dir='ltr'>illa</span> 
     </span>
     <span class='ocr_line' id='line_1_34' title="bbox 115 2637 1686 2689; baseline -0.001 -13"><span class='ocrx_word' id='word_1_322' title='bbox 115 2638 345 2682; x_wconf 86' lang='lat' dir='ltr'>reformatio,</span> <span class='ocrx_word' id='word_1_323' title='bbox 377 2652 487 2689; x_wconf 88' lang='lat' dir='ltr'>quam</span> <span class='ocrx_word' id='word_1_324' title='bbox 517 2645 616 2689; x_wconf 84' lang='lat' dir='ltr'>peto,</span> <span class='ocrx_word' id='word_1_325' title='bbox 640 2639 907 2689; x_wconf 76' lang='lat' dir='ltr'>interrogetur;</span> <span class='ocrx_word' id='word_1_326' title='bbox 939 2653 985 2676; x_wconf 76' lang='lat' dir='ltr'>ex</span> <span class='ocrx_word' id='word_1_327' title='bbox 1012 2639 1192 2689; x_wconf 87' lang='lat' dir='ltr'>prioribus</span> <span class='ocrx_word' id='word_1_328' title='bbox 1217 2639 1334 2676; x_wconf 82' lang='lat' dir='ltr'>tribus</span> <span class='ocrx_word' id='word_1_329' title='bbox 1360 2638 1521 2676; x_wconf 85' lang='lat' dir='ltr'>articulis</span> <span class='ocrx_word' id='word_1_330' title='bbox 1549 2637 1686 2688; x_wconf 73' lang='lat' dir='ltr'>poteris</span> 
     </span>
     <span class='ocr_line' id='line_1_35' title="bbox 114 2703 921 2753; baseline 0.001 -14"><span class='ocrx_word' id='word_1_331' title='bbox 114 2708 156 2739; x_wconf 90' lang='lat' dir='ltr'>tu</span> <span class='ocrx_word' id='word_1_332' title='bbox 179 2703 378 2752; x_wconf 86' lang='lat' dir='ltr'>conjicere,</span> <span class='ocrx_word' id='word_1_333' title='bbox 399 2717 484 2753; x_wconf 65' lang='lat' dir='ltr'>quae</span> <span class='ocrx_word' id='word_1_334' title='bbox 504 2716 576 2752; x_wconf 63' lang='lat' dir='ltr'>ego</span> <span class='ocrx_word' id='word_1_335' title='bbox 596 2703 758 2753; x_wconf 85' lang='lat' dir='ltr'>petenda</span> <span class='ocrx_word' id='word_1_336' title='bbox 781 2710 921 2753; x_wconf 90' lang='lat' dir='ltr'>putem.</span> 
     </span>
    </p>

    <p class='ocr_par' dir='ltr' id='par_1_6' title="bbox 115 2767 1685 3010">
     <span class='ocr_line' id='line_1_36' title="bbox 194 2767 1685 2818; baseline -0.001 -15"><span class='ocrx_word' id='word_1_337' title='bbox 194 2767 433 2818; x_wconf 85' lang='lat' dir='ltr'>Simpliciter,</span> <span class='ocrx_word' id='word_1_338' title='bbox 453 2767 503 2804; x_wconf 89' lang='lat' dir='ltr'>mi</span> <span class='ocrx_word' id='word_1_339' title='bbox 523 2774 639 2818; x_wconf 84' lang='lat' dir='ltr'>pater,</span> <span class='ocrx_word' id='word_1_340' title='bbox 659 2768 756 2817; x_wconf 88' lang='lat' dir='ltr'>apud</span> <span class='ocrx_word' id='word_1_341' title='bbox 782 2774 818 2805; x_wconf 90' lang='lat' dir='ltr'>te</span> <span class='ocrx_word' id='word_1_342' title='bbox 839 2769 958 2805; x_wconf 85' lang='lat' dir='ltr'>solum</span> <span class='ocrx_word' id='word_1_343' title='bbox 980 2768 1128 2818; x_wconf 92' lang='lat' dir='ltr'>depono</span> <span class='ocrx_word' id='word_1_344' title='bbox 1145 2767 1265 2804; x_wconf 90' lang='lat' dir='ltr'>cordis</span> <span class='ocrx_word' id='word_1_345' title='bbox 1283 2767 1358 2804; x_wconf 87' lang='lat' dir='ltr'>mei</span> <span class='ocrx_word' id='word_1_346' title='bbox 1384 2773 1522 2805; x_wconf 85' lang='lat' dir='ltr'>secreta</span> <span class='ocrx_word' id='word_1_347' title='bbox 1539 2781 1546 2810; x_wconf 88' lang='grc'>;</span> <span class='ocrx_word' id='word_1_348' title='bbox 1578 2773 1685 2816; x_wconf 77' lang='lat' dir='ltr'>teque</span> 
     </span>
     <span class='ocr_line' id='line_1_37' title="bbox 115 2831 1685 2882; baseline -0.001 -13"><span class='ocrx_word' id='word_1_349' title='bbox 115 2845 181 2882; x_wconf 85' lang='lat' dir='ltr'>por</span> <span class='ocrx_word' id='word_1_350' title='bbox 200 2831 390 2869; x_wconf 82' lang='lat' dir='ltr'>Christum</span> <span class='ocrx_word' id='word_1_351' title='bbox 409 2844 517 2880; x_wconf 73' lang='lat' dir='ltr'>rogo,</span> <span class='ocrx_word' id='word_1_352' title='bbox 538 2838 578 2867; x_wconf 92' lang='lat' dir='ltr'>ut</span> <span class='ocrx_word' id='word_1_353' title='bbox 595 2844 679 2868; x_wconf 81' lang='lat' dir='ltr'>mea</span> <span class='ocrx_word' id='word_1_354' title='bbox 697 2843 838 2868; x_wconf 83' lang='lat' dir='ltr'>secreta</span> <span class='ocrx_word' id='word_1_355' title='bbox 857 2831 952 2882; x_wconf 84' lang='lat' dir='ltr'>apud</span> <span class='ocrx_word' id='word_1_356' title='bbox 973 2838 1010 2868; x_wconf 90' lang='lat' dir='ltr'>tc</span> <span class='ocrx_word' id='word_1_357' title='bbox 1031 2831 1151 2868; x_wconf 86' lang='lat' dir='ltr'>solum</span> <span class='ocrx_word' id='word_1_358' title='bbox 1169 2838 1310 2875; x_wconf 87' lang='lat' dir='ltr'>teneas,</span> <span class='ocrx_word' id='word_1_359' title='bbox 1336 2838 1374 2869; x_wconf 86' lang='lat' dir='ltr'>et</span> <span class='ocrx_word' id='word_1_360' title='bbox 1395 2831 1486 2868; x_wconf 83' lang='lat' dir='ltr'>milii</span> <span class='ocrx_word' id='word_1_361' title='bbox 1507 2844 1613 2881; x_wconf 87' lang='lat' dir='ltr'>quam</span> <span class='ocrx_word' id='word_1_362' title='bbox 1634 2831 1685 2867; x_wconf 84' lang='lat' dir='ltr'>ei-</span> 
     </span>
     <span class='ocr_line' id='line_1_38' title="bbox 115 2894 1683 2946; baseline -0.001 -15"><span class='ocrx_word' id='word_1_363' title='bbox 115 2895 257 2932; x_wconf 86' lang='lat' dir='ltr'>tissimc</span> <span class='ocrx_word' id='word_1_364' title='bbox 277 2896 469 2939; x_wconf 75' lang='lat' dir='ltr'>rescribas,</span> <span class='ocrx_word' id='word_1_365' title='bbox 489 2895 577 2945; x_wconf 84' lang='lat' dir='ltr'>quid</span> <span class='ocrx_word' id='word_1_366' title='bbox 597 2894 687 2931; x_wconf 81' lang='lat' dir='ltr'>milii</span> <span class='ocrx_word' id='word_1_367' title='bbox 707 2894 766 2932; x_wconf 83' lang='lat' dir='ltr'>hic</span> <span class='ocrx_word' id='word_1_368' title='bbox 786 2896 995 2933; x_wconf 85' lang='lat' dir='ltr'>faciendum</span> <span class='ocrx_word' id='word_1_369' title='bbox 1014 2901 1142 2945; x_wconf 84' lang='lat' dir='ltr'>putes:</span> <span class='ocrx_word' id='word_1_370' title='bbox 1173 2895 1265 2932; x_wconf 89' lang='lat' dir='ltr'>adde</span> <span class='ocrx_word' id='word_1_371' title='bbox 1285 2896 1396 2932; x_wconf 90' lang='lat' dir='ltr'>etiam</span> <span class='ocrx_word' id='word_1_372' title='bbox 1417 2909 1499 2946; x_wconf 69' lang='lat' dir='ltr'>quw</span> <span class='ocrx_word' id='word_1_373' title='bbox 1519 2895 1683 2932; x_wconf 85' lang='lat' dir='ltr'>addenda</span> 
     </span>
     <span class='ocr_line' id='line_1_39' title="bbox 117 2959 1567 3010; baseline -0.001 -14"><span class='ocrx_word' id='word_1_374' title='bbox 117 2965 238 3008; x_wconf 81' lang='lat' dir='ltr'>putas,</span> <span class='ocrx_word' id='word_1_375' title='bbox 266 2966 306 2997; x_wconf 88' lang='lat' dir='ltr'>ut</span> <span class='ocrx_word' id='word_1_376' title='bbox 335 2967 510 3010; x_wconf 81' lang='lat' dir='ltr'>urgeatur</span> <span class='ocrx_word' id='word_1_377' title='bbox 537 2959 600 2996; x_wconf 88' lang='lat' dir='ltr'>illa</span> <span class='ocrx_word' id='word_1_378' title='bbox 628 2959 854 3005; x_wconf 86' lang='lat' dir='ltr'>reformatio,</span> <span class='ocrx_word' id='word_1_379' title='bbox 885 2965 923 2997; x_wconf 92' lang='lat' dir='ltr'>et</span> <span class='ocrx_word' id='word_1_380' title='bbox 952 2959 1089 3010; x_wconf 86' lang='lat' dir='ltr'>aliquid</span> <span class='ocrx_word' id='word_1_381' title='bbox 1116 2959 1159 2996; x_wconf 89' lang='lat' dir='ltr'>de</span> <span class='ocrx_word' id='word_1_382' title='bbox 1190 2959 1269 3010; x_wconf 85' lang='lat' dir='ltr'>ipsa</span> <span class='ocrx_word' id='word_1_383' title='bbox 1297 2959 1567 2997; x_wconf 85' lang='lat' dir='ltr'>reformatione.</span> 
     </span>
    </p>

    <p class='ocr_par' dir='ltr' id='par_1_7' title="bbox 232 3024 1567 3138">
     <span class='ocr_line' id='line_1_40' title="bbox 1523 3024 1567 3061; baseline -0.023 -15"><span class='ocrx_word' id='word_1_384' title='bbox 1523 3024 1567 3061; x_wconf 54' lang='lat'>42¹1</span> 
     </span>
     <span class='ocr_line' id='line_1_41' title="bbox 232 3079 675 3138; baseline 0.002 -17"><span class='ocrx_word' id='word_1_385' title='bbox 232 3081 416 3138; x_wconf 75' lang='lat' dir='ltr'>[zomon</span> <span class='ocrx_word' id='word_1_386' title='bbox 453 3079 675 3136; x_wconf 63' lang='lat' dir='ltr'>terrens]</span> 
     </span>
    </p>
   </div>
  </div>
 </body>
</html>
