1845 3233
127 137 214 195 cxx]
388 154 590 182 RoBERTUs
621 153 780 179 HORNUS
812 152 867 179 Ao
901 151 1116 179 HENRICUM
1150 149 1452 177 BULLmGEnum.
1633 133 1714 173 161

128 275 167 308 et
199 268 474 320 respondendis
503 268 633 313 literis,
664 274 854 318 utcunque
884 272 1101 319 occupatus,
1132 278 1280 317 semper
1307 278 1413 303 vaco.
1472 261 1595 312 Cujus
1625 258 1715 297 mihi

126 340 167 373 ut
195 333 395 384 praesentis
421 346 544 370 sermo
570 332 800 371 delectabilis
825 345 972 383 semper
996 332 1077 377 fuit,
1101 331 1154 368 ita
1174 337 1212 368 et
1239 329 1406 367 absentis
1437 327 1558 365 literae
1587 337 1717 363 suaves

127 410 228 437 nunc
256 403 343 434 sunt
372 403 410 434 et
443 397 711 448 perjucundae:
743 397 876 448 quibus
906 397 1009 442 solis,
1040 409 1125 434 eum
1153 395 1214 433 hic
1244 395 1327 439 sim,
1356 392 1483 430 audire
1512 403 1598 428 cum
1625 387 1717 426 mihi

127 461 268 506 videor,
287 474 429 511 magno
452 474 539 499 meo
557 461 706 512 quidem
734 467 771 499 et
798 462 1005 500 incredibili
1024 461 1171 506 solatio,
1190 472 1315 511 quem,
1337 470 1422 496 cum
1446 454 1557 494 isthic
1580 466 1717 495 essem,

128 539 205 563 non
230 526 311 563 sine
337 538 484 564 summa
513 531 550 563 et
578 525 758 576 singulari
788 526 946 577 quadam
978 526 1168 576 voluptate
1194 523 1379 561 intuebar.
1434 521 1574 559 Verum
1601 523 1642 556 ut
1673 517 1719 554 ad

129 603 211 628 eam
243 590 434 629 literarum
467 597 612 628 tuarum
643 596 785 641 partem
819 591 1028 635 deveniam,
1061 603 1148 641 quae
1175 594 1213 626 et
1241 586 1397 625 maximi
1429 591 1487 623 est
1519 582 1718 625 momenti,

129 660 168 693 et
193 655 293 706 quod
318 661 359 693 tu
382 669 403 693 a
425 668 485 693 me
511 654 696 706 expressis
723 654 845 692 verbis
872 655 979 692 valde
1009 655 1119 706 petis,
1150 659 1191 691 ut
1216 653 1298 704 quis
1326 664 1426 689 nune
1450 650 1499 688 sit
1526 646 1720 698 religionis

130 732 174 757 ac
201 720 419 770 reipublicae
441 726 558 758 status
586 720 625 757 in
653 719 713 757 his
739 719 876 756 nostris
904 719 1070 770 partibus
1097 732 1140 755 ac
1168 717 1315 762 vicinis,
1344 714 1547 764 intelligas.

210 784 269 821 De
296 784 418 821 Gallia
442 784 612 835 primum,
641 795 751 834 quam
775 783 1006 820 miserabiles
1031 796 1074 820 ac
1100 782 1333 820 calamitosae
1364 779 1403 816 in
1428 778 1501 816 illis
1524 776 1618 814 locis
1644 775 1719 813 sint

131 849 317 894 ecclesiae,
356 848 670 900 quemadmodum
707 847 872 886 horribili
911 853 949 885 et
986 853 1140 885 eruenta
1178 852 1301 896 strage
1339 843 1469 882 infelix
1508 841 1573 879 illa
1611 839 1719 890 regio

129 913 236 964 quasi
266 912 386 951 adhuc
417 912 582 957 madida,
618 918 831 950 sanctorum
869 912 1055 962 sanguine
1092 911 1212 948 tincta
1244 908 1438 960 squalleat,
1476 904 1576 943 haud
1609 903 1721 941 dubie

129 992 207 1016 non
238 978 317 1016 sine
353 990 501 1015 summo
534 977 660 1015 dolore
688 982 812 1014 vestro
839 976 919 1027 jam
952 976 1091 1013 dudum
1125 973 1334 1025 accepistis.
1399 971 1444 1009 In
1475 983 1549 1022 quo
1579 981 1648 1007 nos
1681 967 1721 1004 id

131 1043 264 1088 solum,
285 1049 323 1080 et
346 1049 476 1080 tamen
496 1047 651 1087 certum,
670 1041 852 1079 habemus
871 1040 1059 1087 solatium,
1080 1040 1180 1091 quod
1198 1044 1240 1076 ut
1258 1036 1414 1088 sanguis
1432 1035 1721 1074 christianorum

131 1114 189 1147 est
220 1121 348 1145 semen
378 1106 580 1157 evangelii,
612 1106 666 1144 ita
697 1119 772 1157 quo
806 1105 858 1143 illi
888 1105 1137 1143 abundantius
1170 1116 1299 1142 semen
1331 1101 1549 1153 sparserint,
1578 1111 1624 1137 eo
1651 1109 1722 1135 nos

130 1172 337 1223 pleniorem
365 1184 527 1208 messem
556 1176 830 1221 exspectamus.

212 1236 271 1274 De
302 1235 411 1273 rebus
444 1234 610 1285 Belgicis
638 1233 731 1271 nihil
763 1233 840 1271 fere
871 1239 942 1279 est,
972 1233 1074 1285 quod
1102 1232 1273 1271 scribam.
1332 1230 1510 1280 Princeps
1540 1233 1624 1265 toto
1652 1225 1724 1264 hoc

132 1300 300 1352 hyberno
332 1306 500 1350 tempore
534 1299 572 1336 in
608 1298 814 1336 Hollandia
845 1298 1118 1349 conquiescens
1151 1297 1244 1334 nihil
1280 1296 1403 1347 plane,
1437 1293 1536 1345 quod
1569 1292 1723 1334 scimus,

130 1365 222 1404 feeit
255 1364 507 1402 memorabile.
567 1362 725 1400 Ineunte
752 1375 838 1400 vere
867 1362 956 1413 quid
984 1368 1133 1400 acturus
1161 1361 1221 1406 sit,
1247 1360 1412 1399 nondum
1443 1362 1604 1396 constat.
1651 1355 1725 1393 Ve-

132 1443 215 1468 rum
256 1429 394 1467 amisso
432 1441 530 1466 nunc
573 1427 611 1465 in
647 1427 781 1466 Galliis
818 1426 997 1471 subsidio,
1035 1439 1203 1464 veremur
1238 1439 1286 1463 ne
1323 1425 1362 1462 in
1400 1422 1562 1461 deterius
1597 1420 1725 1459 omnia

135 1494 385 1546 prolabantur.

216 1558 357 1603 Scotia,
384 1563 425 1595 ut
449 1570 549 1595 nune
576 1570 636 1595 res
666 1561 764 1602 sunt,
795 1555 995 1607 tranquilla
1020 1555 1172 1607 quidem
1201 1560 1259 1593 est
1284 1560 1322 1592 et
1344 1567 1475 1606 pacem
1495 1551 1611 1590 colit:
1649 1550 1727 1601 ple-

134 1623 239 1674 rique
277 1621 378 1660 enim
413 1621 453 1659 in
487 1621 604 1671 Regis
636 1626 762 1671 partes
794 1620 1035 1665 transierunt,
1066 1620 1129 1670 qui
1161 1624 1200 1657 et
1236 1619 1406 1656 omnium
1438 1617 1514 1654 fere
1547 1614 1726 1665 suffragio

136 1687 362 1725 dominatur.
413 1684 539 1730 Quem
566 1684 709 1722 exitum
735 1690 862 1721 tamen
891 1697 935 1721 ea
956 1697 1030 1734 pax
1054 1682 1226 1721 habitura
1252 1683 1313 1727 sit,
1336 1687 1414 1719 tam
1437 1681 1580 1718 incerta
1603 1691 1726 1717 rerum

137 1751 307 1790 omnium
340 1750 570 1795 conditione,
606 1749 789 1787 affirmare
822 1761 898 1786 non
931 1761 1154 1799 possumus:
1192 1760 1384 1798 speramus
1417 1745 1583 1797 quidem,
1616 1750 1727 1796 prout

138 1822 176 1854 et
204 1822 390 1867 optamus,
418 1815 573 1866 optima.

217 1879 362 1931 Anglia
396 1885 526 1918 nostra
557 1879 657 1917 domi
691 1878 1012 1930 tranquillitatem,
1044 1877 1135 1916 foris
1167 1890 1299 1928 pacem
1331 1880 1575 1927 consequuta,
1606 1874 1726 1926 plenis

138 1945 242 1998 quasi
269 1945 363 1983 velis
382 1958 424 1982 ac
444 1944 609 1982 seeundo
632 1949 746 1981 vento
770 1943 934 1993 navigat.
991 1942 1163 1980 Ecclesia
1189 1955 1277 1980 vero
1299 1954 1375 1979 non
1395 1946 1471 1978 tam
1497 1940 1727 1991 papistarum

139 2009 355 2054 obstaculis,
391 2008 454 2059 qui
487 2008 623 2045 severis
657 2007 823 2058 quotidie
856 2007 1002 2057 legibus
1034 2005 1268 2052 cohibentur,
1302 2019 1414 2057 quam
1447 2005 1626 2043 falsorum
1655 2004 1726 2041 fra-

138 2081 237 2114 trum
271 2073 518 2117 offendiculis,
549 2072 612 2122 qui
642 2071 680 2108 in
706 2071 1007 2121 anabaptismum
1036 2071 1210 2108 videntur
1235 2070 1457 2122 prolapsuri,
1486 2069 1728 2106 vehementer

138 2153 182 2178 ac
215 2138 421 2191 periculose
450 2137 620 2175 fluctuat.
690 2135 876 2173 Dominus
906 2135 1017 2172 Jesus
1050 2135 1210 2172 adventu
1244 2135 1395 2172 tandem
1434 2134 1480 2172 de
1517 2133 1624 2171 coelis
1657 2146 1726 2170 suo

137 2217 268 2242 omnes
297 2203 395 2241 orbis
424 2201 687 2240 tumultuantis
720 2199 891 2237 flammas
919 2198 1130 2249 extinguat,
1161 2204 1199 2236 et
1230 2199 1403 2236 ecelesiae
1432 2197 1630 2235 militantis
1659 2197 1725 2234 (lo-

137 2269 234 2307 lores
264 2268 382 2312 tollat,
417 2273 458 2305 ut
487 2279 619 2304 omnes
655 2265 701 2302 ab
731 2263 849 2301 oculis
886 2262 1023 2300 nostris
1056 2263 1233 2313 lacrymae
1270 2263 1543 2313 abstergantur,
1576 2275 1619 2299 ac
1651 2274 1725 2299 una

138 2346 269 2371 onmes
298 2332 336 2370 in
363 2344 483 2369 aevum
505 2344 589 2368 eum
611 2342 655 2366 eo
683 2328 721 2366 in
751 2326 895 2365 coelesti
925 2327 988 2364 illa
1015 2332 1053 2364 et
1077 2339 1176 2365 nova
1197 2327 1404 2366 Jerusalem
1431 2325 1724 2377 triumphemus!

216 2397 309 2437 Vale
338 2396 377 2434 in
407 2395 559 2434 Christo
586 2394 688 2432 Jesu.
748 2392 806 2430 Ex
834 2404 919 2429 arce
946 2404 1032 2428 mea
1059 2391 1309 2437 Fernhamiae,
1338 2393 1385 2429 10
1404 2391 1586 2437 Januarii,
1609 2392 1722 2428 1572.

913 2476 1016 2515 Tuus
1044 2483 1145 2516 totus
1173 2478 1212 2516 in
1241 2477 1409 2522 Christo,

1180 2565 1462 2604 ROBERTUS
1499 2565 1720 2605 VINTON.

476 2644 727 2671 mscmr'rxo.

218 2700 375 2737 Caris-«⁰.
402 2700 439 2735 in
471 2698 622 2734 Christo
637 2697 777 2746 fratri,
803 2697 852 2733 D.
880 2696 984 2752 ῌση-

266 2766 346 2801 rico
372 2764 588 2811 Bullingero
606 2763 757 2799 seniori.
805 2762 954 2810 Tiguri.

1542 3030 1610 3069 *11

273 3094 438 3150 [zemeri
476 3091 676 3148 LETTERS]
