<?xml version="1.0" encoding="UTF-8"?>
<!DOCTYPE html PUBLIC "-//W3C//DTD XHTML 1.0 Transitional//EN"
    "http://www.w3.org/TR/xhtml1/DTD/xhtml1-transitional.dtd">
<html xmlns="http://www.w3.org/1999/xhtml" xml:lang="en" lang="en">
 <head>
  <title>
</title>
<meta http-equiv="Content-Type" content="text/html;charset=utf-8" />
  <meta name='ocr-system' content='tesseract 3.04.00' />
  <meta name='ocr-capabilities' content='ocr_page ocr_carea ocr_par ocr_line ocrx_word'/>
</head>
<body>
  <div class='ocr_page' id='page_1' title='image "./zurichletterscom02hunt_0300.png"; bbox 0 0 1845 3233; ppageno 0'>
   <div class='ocr_carea' id='block_1_1' title="bbox 165 133 1730 190">
    <p class='ocr_par' dir='ltr' id='par_1_1' title="bbox 165 133 1730 190">
     <span class='ocr_line' id='line_1_1' title="bbox 165 133 1730 190; baseline -0.005 -6"><span class='ocrx_word' id='word_1_1' title='bbox 165 148 219 187; x_wconf 64' lang='lat'>14</span> <span class='ocrx_word' id='word_1_2' title='bbox 448 156 654 184; x_wconf 64' lang='lat' dir='ltr'>,IOHANNES</span> <span class='ocrx_word' id='word_1_3' title='bbox 684 153 852 179; x_wconf 78' lang='lat' dir='ltr'><strong>JUELLUS</strong></span> <span class='ocrx_word' id='word_1_4' title='bbox 886 152 940 176; x_wconf 84' lang='lat' dir='ltr'>AD</span> <span class='ocrx_word' id='word_1_5' title='bbox 972 150 1135 176; x_wconf 82' lang='lat' dir='ltr'><strong>PETRUM</strong></span> <span class='ocrx_word' id='word_1_6' title='bbox 1168 149 1408 176; x_wconf 78' lang='lat' dir='ltr'><strong>MARTYREM.</strong></span> <span class='ocrx_word' id='word_1_7' title='bbox 1588 133 1730 190; x_wconf 73' lang='lat' dir='ltr'>[EPIST&#39;.</span> 
     </span>
    </p>
   </div>
   <div class='ocr_carea' id='block_1_2' title="bbox 163 261 1737 1922">
    <p class='ocr_par' dir='ltr' id='par_1_2' title="bbox 164 261 1733 446">
     <span class='ocr_line' id='line_1_2' title="bbox 164 261 1730 320; baseline -0.006 -11"><span class='ocrx_word' id='word_1_8' title='bbox 164 274 281 317; x_wconf 81' lang='lat' dir='ltr'>‹lisse3</span> <span class='ocrx_word' id='word_1_9' title='bbox 321 271 503 320; x_wconf 80' lang='lat' dir='ltr'>Reginam</span> <span class='ocrx_word' id='word_1_10' title='bbox 534 270 663 306; x_wconf 84' lang='lat' dir='ltr'>iratam</span> <span class='ocrx_word' id='word_1_11' title='bbox 699 265 871 308; x_wconf 76' lang='lat' dir='ltr'>edixisse,</span> <span class='ocrx_word' id='word_1_12' title='bbox 905 269 947 299; x_wconf 87' lang='lat' dir='ltr'>ut</span> <span class='ocrx_word' id='word_1_13' title='bbox 978 263 1140 299; x_wconf 76' lang='lat' dir='ltr'>Knoxus</span> <span class='ocrx_word' id='word_1_14' title='bbox 1172 263 1416 299; x_wconf 83' lang='lat' dir='ltr'>concionator</span> <span class='ocrx_word' id='word_1_15' title='bbox 1447 261 1579 299; x_wconf 84' lang='lat' dir='ltr'>inflato</span> <span class='ocrx_word' id='word_1_16' title='bbox 1604 275 1730 309; x_wconf 82' lang='lat' dir='ltr'>cornu,</span> 
     </span>
     <span class='ocr_line' id='line_1_3' title="bbox 167 326 1733 388; baseline -0.005 -15"><span class='ocrx_word' id='word_1_17' title='bbox 167 338 242 388; x_wconf 71' lang='lat' dir='ltr'>(est</span> <span class='ocrx_word' id='word_1_18' title='bbox 267 336 363 372; x_wconf 80' lang='lat' dir='ltr'>enini</span> <span class='ocrx_word' id='word_1_19' title='bbox 382 335 441 370; x_wconf 92' lang='lat' dir='ltr'>ille</span> <span class='ocrx_word' id='word_1_20' title='bbox 466 334 502 370; x_wconf 89' lang='lat' dir='ltr'>in</span> <span class='ocrx_word' id='word_1_21' title='bbox 530 332 655 369; x_wconf 84' lang='lat' dir='ltr'>Scotia</span> <span class='ocrx_word' id='word_1_22' title='bbox 671 343 752 367; x_wconf 84' lang='lat' dir='ltr'>mos</span> <span class='ocrx_word' id='word_1_23' title='bbox 778 328 953 371; x_wconf 79' lang='lat' dir='ltr'>solennis,</span> <span class='ocrx_word' id='word_1_24' title='bbox 978 326 1008 362; x_wconf 86' lang='lat' dir='ltr'>si</span> <span class='ocrx_word' id='word_1_25' title='bbox 1028 339 1137 376; x_wconf 87' lang='lat' dir='ltr'>quem</span> <span class='ocrx_word' id='word_1_26' title='bbox 1155 326 1271 363; x_wconf 84' lang='lat' dir='ltr'>velint</span> <span class='ocrx_word' id='word_1_27' title='bbox 1290 332 1476 363; x_wconf 80' lang='lat' dir='ltr'>extorrem</span> <span class='ocrx_word' id='word_1_28' title='bbox 1504 326 1660 378; x_wconf 47' lang='lat' dir='ltr'>facere)</span> <span class='ocrx_word' id='word_1_29' title='bbox 1685 340 1733 365; x_wconf 80' lang='lat' dir='ltr'>ex</span> 
     </span>
     <span class='ocr_line' id='line_1_4' title="bbox 165 389 1472 446; baseline -0.005 -10"><span class='ocrx_word' id='word_1_30' title='bbox 165 400 331 437; x_wconf 75' lang='lat' dir='ltr'>omnibus</span> <span class='ocrx_word' id='word_1_31' title='bbox 358 399 491 435; x_wconf 80' lang='lat' dir='ltr'>finibus</span> <span class='ocrx_word' id='word_1_32' title='bbox 521 397 721 446; x_wconf 81' lang='lat' dir='ltr'>ejiceretur.</span> <span class='ocrx_word' id='word_1_33' title='bbox 778 392 879 436; x_wconf 78' lang='lat' dir='ltr'>Quid</span> <span class='ocrx_word' id='word_1_34' title='bbox 907 391 951 427; x_wconf 82' lang='lat' dir='ltr'>de</span> <span class='ocrx_word' id='word_1_35' title='bbox 980 390 1044 426; x_wconf 80' lang='lat' dir='ltr'>illO</span> <span class='ocrx_word' id='word_1_36' title='bbox 1071 389 1210 426; x_wconf 67' lang='lat' dir='ltr'>sactum</span> <span class='ocrx_word' id='word_1_37' title='bbox 1239 390 1299 435; x_wconf 70' lang='lat' dir='ltr'>Sit,</span> <span class='ocrx_word' id='word_1_38' title='bbox 1332 391 1472 428; x_wconf 72' lang='lat' dir='ltr'>nescio.</span> 
     </span>
    </p>

    <p class='ocr_par' dir='ltr' id='par_1_3' title="bbox 163 454 1735 1466">
     <span class='ocr_line' id='line_1_5' title="bbox 242 454 1731 508; baseline -0.005 -8"><span class='ocrx_word' id='word_1_39' title='bbox 242 464 350 501; x_wconf 90' lang='lat' dir='ltr'>Nunc</span> <span class='ocrx_word' id='word_1_40' title='bbox 387 461 592 498; x_wconf 85' lang='lat' dir='ltr'>instituitur</span> <span class='ocrx_word' id='word_1_41' title='bbox 621 458 762 508; x_wconf 89' lang='lat' dir='ltr'>legatio</span> <span class='ocrx_word' id='word_1_42' title='bbox 794 457 832 493; x_wconf 86' lang='lat' dir='ltr'>in</span> <span class='ocrx_word' id='word_1_43' title='bbox 866 460 984 491; x_wconf 84' lang='lat' dir='ltr'>totam</span> <span class='ocrx_word' id='word_1_44' title='bbox 1015 454 1196 503; x_wconf 86' lang='lat' dir='ltr'>Angliam</span> <span class='ocrx_word' id='word_1_45' title='bbox 1229 455 1274 491; x_wconf 88' lang='lat' dir='ltr'>de</span> <span class='ocrx_word' id='word_1_46' title='bbox 1305 454 1502 492; x_wconf 82' lang='lat' dir='ltr'>formanda</span> <span class='ocrx_word' id='word_1_47' title='bbox 1536 455 1731 505; x_wconf 83' lang='lat' dir='ltr'>religione.</span> 
     </span>
     <span class='ocr_line' id='line_1_6' title="bbox 164 518 1734 569; baseline -0.005 -5"><span class='ocrx_word' id='word_1_48' title='bbox 164 527 307 564; x_wconf 68' lang='lat' dir='ltr'>Sandus</span> <span class='ocrx_word' id='word_1_49' title='bbox 337 526 403 562; x_wconf 84' lang='lat' dir='ltr'>ibit</span> <span class='ocrx_word' id='word_1_50' title='bbox 435 526 471 561; x_wconf 91' lang='lat' dir='ltr'>in</span> <span class='ocrx_word' id='word_1_51' title='bbox 502 523 775 565; x_wconf 84' lang='lat' dir='ltr'>Laneastria1n;</span> <span class='ocrx_word' id='word_1_52' title='bbox 810 533 883 568; x_wconf 81' lang='lat' dir='ltr'>ego</span> <span class='ocrx_word' id='word_1_53' title='bbox 910 519 948 555; x_wconf 88' lang='lat' dir='ltr'>in</span> <span class='ocrx_word' id='word_1_54' title='bbox 977 518 1208 564; x_wconf 82' lang='lat' dir='ltr'>Devoniam3</span> <span class='ocrx_word' id='word_1_55' title='bbox 1241 519 1303 555; x_wconf 85' lang='lat' dir='ltr'>alii</span> <span class='ocrx_word' id='word_1_56' title='bbox 1328 519 1414 557; x_wconf 84' lang='lat' dir='ltr'>alio.</span> <span class='ocrx_word' id='word_1_57' title='bbox 1481 519 1631 569; x_wconf 87' lang='lat' dir='ltr'>Regina</span> <span class='ocrx_word' id='word_1_58' title='bbox 1655 532 1734 557; x_wconf 82' lang='lat' dir='ltr'>non</span> 
     </span>
     <span class='ocr_line' id='line_1_7' title="bbox 163 582 1733 640; baseline -0.005 -11"><span class='ocrx_word' id='word_1_59' title='bbox 163 592 239 629; x_wconf 83' lang='lat' dir='ltr'>vult</span> <span class='ocrx_word' id='word_1_60' title='bbox 256 590 430 640; x_wconf 85' lang='lat' dir='ltr'>appellari</span> <span class='ocrx_word' id='word_1_61' title='bbox 450 594 558 639; x_wconf 84' lang='lat' dir='ltr'>caput</span> <span class='ocrx_word' id='word_1_62' title='bbox 576 586 756 630; x_wconf 78' lang='lat' dir='ltr'>ecclesiae,</span> <span class='ocrx_word' id='word_1_63' title='bbox 777 584 875 634; x_wconf 85' lang='lat' dir='ltr'>quod</span> <span class='ocrx_word' id='word_1_64' title='bbox 894 582 985 620; x_wconf 89' lang='grc'>1111111</span> <span class='ocrx_word' id='word_1_65' title='bbox 1005 588 1103 620; x_wconf 84' lang='lat' dir='ltr'>certe</span> <span class='ocrx_word' id='word_1_66' title='bbox 1123 595 1202 620; x_wconf 89' lang='lat' dir='ltr'>non</span> <span class='ocrx_word' id='word_1_67' title='bbox 1223 583 1405 633; x_wconf 88' lang='lat' dir='ltr'>displicet.</span> <span class='ocrx_word' id='word_1_68' title='bbox 1454 583 1624 630; x_wconf 77' lang='lat' dir='ltr'>Interim,</span> <span class='ocrx_word' id='word_1_69' title='bbox 1645 584 1733 635; x_wconf 90' lang='lat' dir='ltr'>quid</span> 
     </span>
     <span class='ocr_line' id='line_1_8' title="bbox 165 648 1730 699; baseline -0.004 -8"><span class='ocrx_word' id='word_1_70' title='bbox 165 657 193 691; x_wconf 81' lang='lat' dir='ltr'>il</span> <span class='ocrx_word' id='word_1_71' title='bbox 212 658 355 692; x_wconf 67' lang='lat' dir='ltr'>eavetso</span> <span class='ocrx_word' id='word_1_72' title='bbox 381 654 477 690; x_wconf 71' lang='lat' dir='ltr'>della</span> <span class='ocrx_word' id='word_1_73' title='bbox 505 654 636 689; x_wconf 75' lang='lat' dir='ltr'>Clziesa</span> <span class='ocrx_word' id='word_1_74' title='bbox 658 650 800 699; x_wconf 85' lang='lat' dir='ltr'>cogitet</span> <span class='ocrx_word' id='word_1_75' title='bbox 818 653 883 684; x_wconf 89' lang='lat' dir='ltr'>aut</span> <span class='ocrx_word' id='word_1_76' title='bbox 904 653 1119 692; x_wconf 73' lang='lat' dir='ltr'>murmuret,</span> <span class='ocrx_word' id='word_1_77' title='bbox 1146 653 1210 684; x_wconf 88' lang='lat' dir='ltr'>aut</span> <span class='ocrx_word' id='word_1_78' title='bbox 1229 661 1321 698; x_wconf 85' lang='lat' dir='ltr'>quas</span> <span class='ocrx_word' id='word_1_79' title='bbox 1346 648 1472 685; x_wconf 83' lang='lat' dir='ltr'>turbas</span> <span class='ocrx_word' id='word_1_80' title='bbox 1494 649 1645 686; x_wconf 86' lang='lat' dir='ltr'>daturus</span> <span class='ocrx_word' id='word_1_81' title='bbox 1670 648 1730 694; x_wconf 85' lang='lat' dir='ltr'>sit,</span> 
     </span>
     <span class='ocr_line' id='line_1_9' title="bbox 165 711 1733 769; baseline -0.004 -13"><span class='ocrx_word' id='word_1_82' title='bbox 165 726 205 756; x_wconf 82' lang='lat' dir='ltr'>tu</span> <span class='ocrx_word' id='word_1_83' title='bbox 224 719 397 769; x_wconf 78' lang='lat' dir='ltr'>quoniam</span> <span class='ocrx_word' id='word_1_84' title='bbox 415 717 564 767; x_wconf 84' lang='lat' dir='ltr'>propius</span> <span class='ocrx_word' id='word_1_85' title='bbox 582 716 683 759; x_wconf 82' lang='lat' dir='ltr'>abes,</span> <span class='ocrx_word' id='word_1_86' title='bbox 702 713 844 751; x_wconf 81' lang='lat' dir='ltr'>facilius</span> <span class='ocrx_word' id='word_1_87' title='bbox 865 712 989 749; x_wconf 89' lang='lat' dir='ltr'>audire</span> <span class='ocrx_word' id='word_1_88' title='bbox 1007 717 1123 762; x_wconf 84' lang='lat' dir='ltr'>potes.</span> <span class='ocrx_word' id='word_1_89' title='bbox 1179 711 1345 762; x_wconf 79' lang='lat' dir='ltr'>Papistae</span> <span class='ocrx_word' id='word_1_90' title='bbox 1363 713 1483 749; x_wconf 82' lang='lat' dir='ltr'>nostri</span> <span class='ocrx_word' id='word_1_91' title='bbox 1501 713 1733 750; x_wconf 83' lang='lat' dir='ltr'>odiosissime</span> 
     </span>
     <span class='ocr_line' id='line_1_10' title="bbox 165 776 1734 833; baseline -0.004 -13"><span class='ocrx_word' id='word_1_92' title='bbox 165 789 342 833; x_wconf 83' lang='lat' dir='ltr'>pugnant,</span> <span class='ocrx_word' id='word_1_93' title='bbox 360 794 477 830; x_wconf 87' lang='lat' dir='ltr'>neque</span> <span class='ocrx_word' id='word_1_94' title='bbox 498 781 559 817; x_wconf 89' lang='lat' dir='ltr'>alii</span> <span class='ocrx_word' id='word_1_95' title='bbox 576 780 640 816; x_wconf 90' lang='lat' dir='ltr'>ulli</span> <span class='ocrx_word' id='word_1_96' title='bbox 659 778 926 820; x_wconf 79' lang='lat' dir='ltr'>contumacius,</span> <span class='ocrx_word' id='word_1_97' title='bbox 944 789 1054 826; x_wconf 83' lang='lat' dir='ltr'>quam</span> <span class='ocrx_word' id='word_1_98' title='bbox 1070 776 1134 826; x_wconf 87' lang='lat' dir='ltr'>qui</span> <span class='ocrx_word' id='word_1_99' title='bbox 1154 789 1176 813; x_wconf 86' lang='lat' dir='ltr'>a</span> <span class='ocrx_word' id='word_1_100' title='bbox 1194 776 1302 814; x_wconf 80' lang='lat' dir='ltr'>nobis</span> <span class='ocrx_word' id='word_1_101' title='bbox 1321 777 1576 815; x_wconf 85' lang='lat' dir='ltr'>discesserunt.</span> <span class='ocrx_word' id='word_1_102' title='bbox 1621 776 1734 815; x_wconf 84' lang='lat' dir='ltr'>Tanti</span> 
     </span>
     <span class='ocr_line' id='line_1_11' title="bbox 166 840 1731 895; baseline -0.003 -12"><span class='ocrx_word' id='word_1_103' title='bbox 166 854 221 883; x_wconf 77' lang='lat' dir='ltr'>est</span> <span class='ocrx_word' id='word_1_104' title='bbox 240 847 352 883; x_wconf 88' lang='lat' dir='ltr'>semel</span> <span class='ocrx_word' id='word_1_105' title='bbox 373 851 540 895; x_wconf 80' lang='lat' dir='ltr'>gustasse</span> <span class='ocrx_word' id='word_1_106' title='bbox 559 844 603 881; x_wconf 89' lang='lat' dir='ltr'>de</span> <span class='ocrx_word' id='word_1_107' title='bbox 624 842 762 880; x_wconf 82' lang='lat' dir='ltr'>missa!</span> <span class='ocrx_word' id='word_1_108' title='bbox 808 842 879 884; x_wconf 73' lang='lat' dir='ltr'>Qui</span> <span class='ocrx_word' id='word_1_109' title='bbox 900 842 990 878; x_wconf 63' lang='lat' dir='ltr'>bibit</span> <span class='ocrx_word' id='word_1_110' title='bbox 1010 841 1111 886; x_wconf 75' lang='lat' dir='ltr'>inde,</span> <span class='ocrx_word' id='word_1_111' title='bbox 1120 840 1231 891; x_wconf 73' lang='lat' dir='ltr'>furit</span> <span class='ocrx_word' id='word_1_112' title='bbox 1244 856 1256 878; x_wconf 89' lang='lat'>.·</span> <span class='ocrx_word' id='word_1_113' title='bbox 1278 843 1418 890; x_wconf 76' lang='lat' dir='ltr'>procul</span> <span class='ocrx_word' id='word_1_114' title='bbox 1436 842 1523 880; x_wconf 76' lang='grc' dir='ltr'>Ιιὶηο</span> <span class='ocrx_word' id='word_1_115' title='bbox 1543 843 1731 887; x_wconf 78' lang='lat' dir='ltr'>discedite,</span> 
     </span>
     <span class='ocr_line' id='line_1_12' title="bbox 166 905 1733 960; baseline -0.003 -13"><span class='ocrx_word' id='word_1_116' title='bbox 166 913 264 960; x_wconf 72' lang='lat' dir='ltr'>queis</span> <span class='ocrx_word' id='word_1_117' title='bbox 292 914 343 946; x_wconf 75' lang='lat' dir='ltr'>est</span> <span class='ocrx_word' id='word_1_118' title='bbox 372 910 511 946; x_wconf 74' lang='lat' dir='ltr'>Mentis</span> <span class='ocrx_word' id='word_1_119' title='bbox 539 921 631 945; x_wconf 76' lang='lat' dir='ltr'>cura</span> <span class='ocrx_word' id='word_1_120' title='bbox 664 909 796 944; x_wconf 76' lang='lat' dir='ltr'>home:</span> <span class='ocrx_word' id='word_1_121' title='bbox 837 907 903 954; x_wconf 70' lang='lat' dir='ltr'>qui</span> <span class='ocrx_word' id='word_1_122' title='bbox 934 906 1025 942; x_wconf 73' lang='lat' dir='ltr'>bibit</span> <span class='ocrx_word' id='word_1_123' title='bbox 1051 906 1150 950; x_wconf 74' lang='lat' dir='ltr'>inde,</span> <span class='ocrx_word' id='word_1_124' title='bbox 1170 905 1306 955; x_wconf 72' lang='lat' dir='ltr'>furit:</span> <span class='ocrx_word' id='word_1_125' title='bbox 1348 906 1477 943; x_wconf 87' lang='lat' dir='ltr'>vident</span> <span class='ocrx_word' id='word_1_126' title='bbox 1509 912 1636 957; x_wconf 85' lang='lat' dir='ltr'>erepto</span> <span class='ocrx_word' id='word_1_127' title='bbox 1668 906 1733 943; x_wconf 89' lang='lat' dir='ltr'>illo</span> 
     </span>
     <span class='ocr_line' id='line_1_13' title="bbox 164 969 1735 1024; baseline -0.001 -14"><span class='ocrx_word' id='word_1_128' title='bbox 164 975 322 1024; x_wconf 81' lang='lat' dir='ltr'>palladio</span> <span class='ocrx_word' id='word_1_129' title='bbox 350 974 475 1011; x_wconf 82' lang='lat' dir='ltr'>omnia</span> <span class='ocrx_word' id='word_1_130' title='bbox 497 978 651 1009; x_wconf 84' lang='lat' dir='ltr'>ventura</span> <span class='ocrx_word' id='word_1_131' title='bbox 673 971 711 1008; x_wconf 88' lang='lat' dir='ltr'>in</span> <span class='ocrx_word' id='word_1_132' title='bbox 737 971 948 1021; x_wconf 88' lang='lat' dir='ltr'>periculum.</span> <span class='ocrx_word' id='word_1_133' title='bbox 1008 969 1088 1007; x_wconf 82' lang='lat' dir='ltr'>Pax</span> <span class='ocrx_word' id='word_1_134' title='bbox 1113 970 1208 1007; x_wconf 86' lang='lat' dir='ltr'>inter</span> <span class='ocrx_word' id='word_1_135' title='bbox 1233 983 1303 1007; x_wconf 84' lang='lat' dir='ltr'>nos</span> <span class='ocrx_word' id='word_1_136' title='bbox 1329 976 1366 1008; x_wconf 91' lang='lat' dir='ltr'>et</span> <span class='ocrx_word' id='word_1_137' title='bbox 1391 971 1539 1008; x_wconf 87' lang='lat' dir='ltr'>Gallum</span> <span class='ocrx_word' id='word_1_138' title='bbox 1566 971 1621 1008; x_wconf 84' lang='lat' dir='ltr'>ita</span> <span class='ocrx_word' id='word_1_139' title='bbox 1645 984 1735 1008; x_wconf 89' lang='lat' dir='ltr'>con-</span> 
     </span>
     <span class='ocr_line' id='line_1_14' title="bbox 163 1034 1735 1086; baseline -0.002 -11"><span class='ocrx_word' id='word_1_140' title='bbox 163 1039 276 1083; x_wconf 79' lang='lat' dir='ltr'>venit,</span> <span class='ocrx_word' id='word_1_141' title='bbox 300 1044 341 1074; x_wconf 90' lang='lat' dir='ltr'>ut</span> <span class='ocrx_word' id='word_1_142' title='bbox 360 1037 529 1074; x_wconf 85' lang='lat' dir='ltr'>Caletum</span> <span class='ocrx_word' id='word_1_143' title='bbox 548 1042 634 1074; x_wconf 88' lang='lat' dir='ltr'>octo</span> <span class='ocrx_word' id='word_1_144' title='bbox 655 1040 742 1086; x_wconf 88' lang='lat' dir='ltr'>post</span> <span class='ocrx_word' id='word_1_145' title='bbox 763 1047 882 1071; x_wconf 86' lang='lat' dir='ltr'>annos</span> <span class='ocrx_word' id='word_1_146' title='bbox 905 1034 1031 1071; x_wconf 86' lang='lat' dir='ltr'>redeat</span> <span class='ocrx_word' id='word_1_147' title='bbox 1048 1034 1088 1070; x_wconf 89' lang='lat' dir='ltr'>in</span> <span class='ocrx_word' id='word_1_148' title='bbox 1106 1039 1334 1084; x_wconf 81' lang='lat' dir='ltr'>potestatem</span> <span class='ocrx_word' id='word_1_149' title='bbox 1355 1034 1577 1085; x_wconf 87' lang='lat' dir='ltr'>Anglorum.</span> <span class='ocrx_word' id='word_1_150' title='bbox 1619 1035 1735 1080; x_wconf 84' lang='lat' dir='ltr'>Quod</span> 
     </span>
     <span class='ocr_line' id='line_1_15' title="bbox 164 1098 1733 1151; baseline -0.001 -13"><span class='ocrx_word' id='word_1_151' title='bbox 164 1109 205 1139; x_wconf 84' lang='lat' dir='ltr'>ut</span> <span class='ocrx_word' id='word_1_152' title='bbox 231 1103 349 1140; x_wconf 79' lang='lat' dir='ltr'>Julius</span> <span class='ocrx_word' id='word_1_153' title='bbox 376 1107 502 1139; x_wconf 86' lang='lat' dir='ltr'>noster</span> <span class='ocrx_word' id='word_1_154' title='bbox 528 1101 662 1145; x_wconf 87' lang='lat' dir='ltr'>credat,</span> <span class='ocrx_word' id='word_1_155' title='bbox 693 1113 784 1149; x_wconf 88' lang='lat' dir='ltr'>opus</span> <span class='ocrx_word' id='word_1_156' title='bbox 812 1104 870 1136; x_wconf 89' lang='lat' dir='ltr'>est</span> <span class='ocrx_word' id='word_1_157' title='bbox 899 1098 1107 1136; x_wconf 85' lang='lat' dir='ltr'>incredibili</span> <span class='ocrx_word' id='word_1_158' title='bbox 1137 1104 1175 1135; x_wconf 90' lang='lat' dir='ltr'>et</span> <span class='ocrx_word' id='word_1_159' title='bbox 1207 1100 1361 1136; x_wconf 87' lang='lat' dir='ltr'>robusta</span> <span class='ocrx_word' id='word_1_160' title='bbox 1391 1100 1476 1137; x_wconf 87' lang='lat' dir='ltr'>fide.</span> <span class='ocrx_word' id='word_1_161' title='bbox 1546 1099 1733 1151; x_wconf 81' lang='lat' dir='ltr'>Quicquid</span> 
     </span>
     <span class='ocr_line' id='line_1_16' title="bbox 164 1163 1735 1215; baseline 0 -13"><span class='ocrx_word' id='word_1_162' title='bbox 164 1167 244 1212; x_wconf 79' lang='lat' dir='ltr'>orit,</span> <span class='ocrx_word' id='word_1_163' title='bbox 272 1172 397 1204; x_wconf 87' lang='lat' dir='ltr'>tamen</span> <span class='ocrx_word' id='word_1_164' title='bbox 425 1179 493 1203; x_wconf 89' lang='lat' dir='ltr'>nos</span> <span class='ocrx_word' id='word_1_165' title='bbox 522 1178 567 1201; x_wconf 92' lang='lat' dir='ltr'>eo</span> <span class='ocrx_word' id='word_1_166' title='bbox 598 1164 751 1202; x_wconf 87' lang='lat' dir='ltr'>nomine</span> <span class='ocrx_word' id='word_1_167' title='bbox 779 1170 1038 1213; x_wconf 83' lang='lat' dir='ltr'>exspectamus</span> <span class='ocrx_word' id='word_1_168' title='bbox 1069 1163 1228 1213; x_wconf 82' lang='lat' dir='ltr'>pignora</span> <span class='ocrx_word' id='word_1_169' title='bbox 1259 1178 1279 1201; x_wconf 91' lang='lat' dir='ltr'>e</span> <span class='ocrx_word' id='word_1_170' title='bbox 1317 1164 1448 1202; x_wconf 88' lang='lat' dir='ltr'>Gallia.</span> <span class='ocrx_word' id='word_1_171' title='bbox 1505 1165 1565 1202; x_wconf 89' lang='lat' dir='ltr'>De</span> <span class='ocrx_word' id='word_1_172' title='bbox 1595 1164 1735 1215; x_wconf 84' lang='lat' dir='ltr'>nuptiis</span> 
     </span>
     <span class='ocr_line' id='line_1_17' title="bbox 182 1226 1734 1280; baseline -0.002 -12"><span class='ocrx_word' id='word_1_173' title='bbox 182 1231 324 1280; x_wconf 50' lang='lat' dir='ltr'>Reginae</span> <span class='ocrx_word' id='word_1_174' title='bbox 349 1229 466 1267; x_wconf 84' lang='lat' dir='ltr'>adhuc</span> <span class='ocrx_word' id='word_1_175' title='bbox 493 1228 596 1266; x_wconf 88' lang='lat' dir='ltr'>nihil.</span> <span class='ocrx_word' id='word_1_176' title='bbox 649 1228 792 1266; x_wconf 85' lang='lat' dir='ltr'>Tamen</span> <span class='ocrx_word' id='word_1_177' title='bbox 817 1227 933 1264; x_wconf 86' lang='lat' dir='ltr'>ambit</span> <span class='ocrx_word' id='word_1_178' title='bbox 962 1226 1034 1265; x_wconf 88' lang='lat' dir='ltr'>hoc</span> <span class='ocrx_word' id='word_1_179' title='bbox 1060 1232 1228 1277; x_wconf 87' lang='lat' dir='ltr'>tempore</span> <span class='ocrx_word' id='word_1_180' title='bbox 1253 1228 1408 1273; x_wconf 86' lang='lat' dir='ltr'>Suecus,</span> <span class='ocrx_word' id='word_1_181' title='bbox 1436 1228 1547 1274; x_wconf 82' lang='lat' dir='ltr'>Saxo,</span> <span class='ocrx_word' id='word_1_182' title='bbox 1576 1228 1734 1267; x_wconf 87' lang='lat' dir='ltr'>Carolus</span> 
     </span>
     <span class='ocr_line' id='line_1_18' title="bbox 165 1291 1733 1344; baseline -0.001 -12"><span class='ocrx_word' id='word_1_183' title='bbox 165 1294 398 1332; x_wconf 80' lang='lat' dir='ltr'>Ferdinandi.</span> <span class='ocrx_word' id='word_1_184' title='bbox 451 1293 565 1330; x_wconf 85' lang='lat' dir='ltr'>Mitto</span> <span class='ocrx_word' id='word_1_185' title='bbox 591 1292 806 1330; x_wconf 85' lang='lat' dir='ltr'>Pikerinum</span> <span class='ocrx_word' id='word_1_186' title='bbox 834 1291 1025 1329; x_wconf 78' lang='lat' dir='ltr'>hommem</span> <span class='ocrx_word' id='word_1_187' title='bbox 1054 1291 1233 1342; x_wconf 90' lang='lat' dir='ltr'>Anglum.</span> <span class='ocrx_word' id='word_1_188' title='bbox 1288 1293 1446 1338; x_wconf 86' lang='lat' dir='ltr'>Tamen,</span> <span class='ocrx_word' id='word_1_189' title='bbox 1478 1293 1567 1344; x_wconf 88' lang='lat' dir='ltr'>quid</span> <span class='ocrx_word' id='word_1_190' title='bbox 1591 1293 1733 1338; x_wconf 86' lang='lat' dir='ltr'>malim,</span> 
     </span>
     <span class='ocr_line' id='line_1_19' title="bbox 166 1354 1734 1408; baseline 0 -13"><span class='ocrx_word' id='word_1_191' title='bbox 166 1359 252 1396; x_wconf 76' lang='lat' dir='ltr'>scio.</span> <span class='ocrx_word' id='word_1_192' title='bbox 308 1359 358 1396; x_wconf 78' lang='lat' dir='ltr'>Et</span> <span class='ocrx_word' id='word_1_193' title='bbox 386 1359 457 1395; x_wconf 81' lang='lat' dir='ltr'>ista</span> <span class='ocrx_word' id='word_1_194' title='bbox 483 1363 568 1395; x_wconf 89' lang='lat' dir='ltr'>sunt</span> <span class='ocrx_word' id='word_1_195' title='bbox 594 1362 635 1393; x_wconf 91' lang='lat' dir='ltr'>ut</span> <span class='ocrx_word' id='word_1_196' title='bbox 664 1356 734 1393; x_wconf 85' lang='lat' dir='ltr'>scis</span> <span class='ocrx_word' id='word_1_197' title='bbox 757 1354 1037 1408; x_wconf 73' lang='grc' dir='ltr'>μυστικώτεραε</span> <span class='ocrx_word' id='word_1_198' title='bbox 1067 1363 1104 1393; x_wconf 88' lang='lat' dir='ltr'>et</span> <span class='ocrx_word' id='word_1_199' title='bbox 1128 1357 1224 1407; x_wconf 88' lang='lat' dir='ltr'>apud</span> <span class='ocrx_word' id='word_1_200' title='bbox 1246 1370 1317 1395; x_wconf 87' lang='lat' dir='ltr'>nos</span> <span class='ocrx_word' id='word_1_201' title='bbox 1343 1357 1526 1408; x_wconf 84' lang='lat' dir='ltr'>proverbii</span> <span class='ocrx_word' id='word_1_202' title='bbox 1550 1358 1635 1395; x_wconf 88' lang='grc'>1000</span> <span class='ocrx_word' id='word_1_203' title='bbox 1660 1357 1734 1395; x_wconf 85' lang='lat' dir='ltr'>dici</span> 
     </span>
     <span class='ocr_line' id='line_1_20' title="bbox 165 1420 796 1466; baseline -0.002 -8"><span class='ocrx_word' id='word_1_204' title='bbox 165 1424 269 1466; x_wconf 66' lang='lat' dir='ltr'>solet,</span> <span class='ocrx_word' id='word_1_205' title='bbox 297 1422 534 1460; x_wconf 83' lang='lat' dir='ltr'>matrimonia</span> <span class='ocrx_word' id='word_1_206' title='bbox 555 1434 636 1459; x_wconf 88' lang='lat' dir='ltr'>esse</span> <span class='ocrx_word' id='word_1_207' title='bbox 658 1420 796 1458; x_wconf 85' lang='lat' dir='ltr'>fatalia.</span> 
     </span>
    </p>

    <p class='ocr_par' dir='ltr' id='par_1_4' title="bbox 166 1483 1737 1858">
     <span class='ocr_line' id='line_1_21' title="bbox 245 1483 1733 1536; baseline -0.001 -12"><span class='ocrx_word' id='word_1_208' title='bbox 245 1488 349 1524; x_wconf 87' lang='lat' dir='ltr'>Bene</span> <span class='ocrx_word' id='word_1_209' title='bbox 380 1487 472 1531; x_wconf 90' lang='lat' dir='ltr'>vale,</span> <span class='ocrx_word' id='word_1_210' title='bbox 503 1486 555 1523; x_wconf 92' lang='lat' dir='ltr'>mi</span> <span class='ocrx_word' id='word_1_211' title='bbox 587 1491 703 1536; x_wconf 82' lang='lat' dir='ltr'>pater,</span> <span class='ocrx_word' id='word_1_212' title='bbox 735 1490 772 1521; x_wconf 91' lang='lat' dir='ltr'>et</span> <span class='ocrx_word' id='word_1_213' title='bbox 808 1485 958 1521; x_wconf 88' lang='lat' dir='ltr'>domine</span> <span class='ocrx_word' id='word_1_214' title='bbox 993 1484 1032 1521; x_wconf 91' lang='lat' dir='ltr'>in</span> <span class='ocrx_word' id='word_1_215' title='bbox 1063 1483 1216 1522; x_wconf 89' lang='lat' dir='ltr'>Christo</span> <span class='ocrx_word' id='word_1_216' title='bbox 1253 1486 1525 1525; x_wconf 75' lang='lat' dir='ltr'>colendissimo.</span> <span class='ocrx_word' id='word_1_217' title='bbox 1593 1486 1733 1530; x_wconf 82' lang='lat' dir='ltr'>Saluta,</span> 
     </span>
     <span class='ocr_line' id='line_1_22' title="bbox 167 1548 1734 1601; baseline 0 -14"><span class='ocrx_word' id='word_1_218' title='bbox 167 1565 308 1601; x_wconf 67' lang='lat' dir='ltr'>quaeso,</span> <span class='ocrx_word' id='word_1_219' title='bbox 340 1551 519 1601; x_wconf 87' lang='lat' dir='ltr'>optimum</span> <span class='ocrx_word' id='word_1_220' title='bbox 553 1563 679 1587; x_wconf 89' lang='lat' dir='ltr'>senem</span> <span class='ocrx_word' id='word_1_221' title='bbox 717 1549 764 1586; x_wconf 92' lang='lat' dir='ltr'>D.</span> <span class='ocrx_word' id='word_1_222' title='bbox 799 1548 1084 1594; x_wconf 86' lang='lat' dir='ltr'>Bernardinum,</span> <span class='ocrx_word' id='word_1_223' title='bbox 1115 1549 1164 1587; x_wconf 88' lang='lat' dir='ltr'>D.</span> <span class='ocrx_word' id='word_1_224' title='bbox 1200 1549 1418 1596; x_wconf 85' lang='lat' dir='ltr'>Muraltum,</span> <span class='ocrx_word' id='word_1_225' title='bbox 1452 1552 1500 1588; x_wconf 92' lang='lat' dir='ltr'>D.</span> <span class='ocrx_word' id='word_1_226' title='bbox 1536 1550 1734 1601; x_wconf 90' lang='lat' dir='ltr'>Volphium</span> 
     </span>
     <span class='ocr_line' id='line_1_23' title="bbox 168 1613 1737 1663; baseline -0.001 -10"><span class='ocrx_word' id='word_1_227' title='bbox 168 1629 252 1653; x_wconf 86' lang='lat' dir='ltr'>meo</span> <span class='ocrx_word' id='word_1_228' title='bbox 285 1615 447 1652; x_wconf 87' lang='lat' dir='ltr'>nomine.</span> <span class='ocrx_word' id='word_1_229' title='bbox 512 1615 622 1652; x_wconf 89' lang='lat' dir='ltr'>Liber</span> <span class='ocrx_word' id='word_1_230' title='bbox 652 1620 750 1659; x_wconf 84' lang='lat' dir='ltr'>tuus,</span> <span class='ocrx_word' id='word_1_231' title='bbox 783 1627 892 1663; x_wconf 88' lang='lat' dir='ltr'>quem</span> <span class='ocrx_word' id='word_1_232' title='bbox 931 1613 1093 1663; x_wconf 75' lang='lat' dir='ltr'>Reginae</span> <span class='ocrx_word' id='word_1_233' title='bbox 1125 1613 1263 1651; x_wconf 88' lang='lat' dir='ltr'>misisti</span> <span class='ocrx_word' id='word_1_234' title='bbox 1294 1615 1406 1660; x_wconf 89' lang='lat' dir='ltr'>dono,</span> <span class='ocrx_word' id='word_1_235' title='bbox 1433 1615 1599 1652; x_wconf 88' lang='lat' dir='ltr'>redditus</span> <span class='ocrx_word' id='word_1_236' title='bbox 1628 1620 1685 1652; x_wconf 85' lang='lat' dir='ltr'>est</span> <span class='ocrx_word' id='word_1_237' title='bbox 1714 1628 1737 1652; x_wconf 85' lang='lat' dir='ltr'>a</span> 
     </span>
     <span class='ocr_line' id='line_1_24' title="bbox 170 1677 1735 1730; baseline 0 -14"><span class='ocrx_word' id='word_1_238' title='bbox 170 1681 217 1717; x_wconf 85' lang='lat' dir='ltr'>D.</span> <span class='ocrx_word' id='word_1_239' title='bbox 243 1679 417 1717; x_wconf 71' lang='lat' dir='ltr'>Caecilio:</span> <span class='ocrx_word' id='word_1_240' title='bbox 449 1679 494 1716; x_wconf 84' lang='lat' dir='ltr'>ad</span> <span class='ocrx_word' id='word_1_241' title='bbox 512 1692 612 1716; x_wconf 89' lang='lat' dir='ltr'>meas</span> <span class='ocrx_word' id='word_1_242' title='bbox 631 1691 775 1723; x_wconf 86' lang='lat' dir='ltr'>manus,</span> <span class='ocrx_word' id='word_1_243' title='bbox 793 1677 920 1715; x_wconf 90' lang='lat' dir='ltr'>neseio</span> <span class='ocrx_word' id='word_1_244' title='bbox 940 1690 1014 1728; x_wconf 89' lang='lat' dir='ltr'>quo</span> <span class='ocrx_word' id='word_1_245' title='bbox 1033 1691 1133 1723; x_wconf 85' lang='lat' dir='ltr'>casu,</span> <span class='ocrx_word' id='word_1_246' title='bbox 1154 1691 1231 1715; x_wconf 89' lang='lat' dir='ltr'>non</span> <span class='ocrx_word' id='word_1_247' title='bbox 1256 1679 1434 1729; x_wconf 87' lang='lat' dir='ltr'>pervenit.</span> <span class='ocrx_word' id='word_1_248' title='bbox 1489 1680 1576 1730; x_wconf 88' lang='lat' dir='ltr'>Ego</span> <span class='ocrx_word' id='word_1_249' title='bbox 1595 1685 1735 1723; x_wconf 88' lang='lat' dir='ltr'>tamen,</span> 
     </span>
     <span class='ocr_line' id='line_1_25' title="bbox 169 1742 1736 1793; baseline 0.001 -15"><span class='ocrx_word' id='word_1_250' title='bbox 169 1744 314 1793; x_wconf 70' lang='lat' dir='ltr'>quoties</span> <span class='ocrx_word' id='word_1_251' title='bbox 347 1756 426 1780; x_wconf 90' lang='lat' dir='ltr'>sum</span> <span class='ocrx_word' id='word_1_252' title='bbox 454 1743 492 1780; x_wconf 89' lang='lat' dir='ltr'>in</span> <span class='ocrx_word' id='word_1_253' title='bbox 525 1743 621 1787; x_wconf 87' lang='lat' dir='ltr'>aula,</span> <span class='ocrx_word' id='word_1_254' title='bbox 654 1742 853 1792; x_wconf 80' lang='lat' dir='ltr'>diligenter</span> <span class='ocrx_word' id='word_1_255' title='bbox 886 1742 1052 1792; x_wconf 78' lang='lat' dir='ltr'>exquiro,</span> <span class='ocrx_word' id='word_1_256' title='bbox 1082 1742 1264 1793; x_wconf 88' lang='lat' dir='ltr'>numquid</span> <span class='ocrx_word' id='word_1_257' title='bbox 1301 1743 1366 1780; x_wconf 87' lang='lat' dir='ltr'>illa</span> <span class='ocrx_word' id='word_1_258' title='bbox 1396 1743 1505 1781; x_wconf 88' lang='lat' dir='ltr'>velit:</span> <span class='ocrx_word' id='word_1_259' title='bbox 1550 1749 1588 1781; x_wconf 88' lang='lat' dir='ltr'>et</span> <span class='ocrx_word' id='word_1_260' title='bbox 1617 1743 1736 1781; x_wconf 85' lang='lat' dir='ltr'>adhuc</span> 
     </span>
     <span class='ocr_line' id='line_1_26' title="bbox 166 1806 1526 1858; baseline 0.001 -14"><span class='ocrx_word' id='word_1_261' title='bbox 166 1807 259 1844; x_wconf 89' lang='lat' dir='ltr'>nihil</span> <span class='ocrx_word' id='word_1_262' title='bbox 285 1808 405 1844; x_wconf 83' lang='lat' dir='ltr'>audio.</span> <span class='ocrx_word' id='word_1_263' title='bbox 461 1807 530 1844; x_wconf 82' lang='lat' dir='ltr'>Sed</span> <span class='ocrx_word' id='word_1_264' title='bbox 560 1807 731 1857; x_wconf 88' lang='lat' dir='ltr'>quicquid</span> <span class='ocrx_word' id='word_1_265' title='bbox 759 1807 839 1850; x_wconf 87' lang='lat' dir='ltr'>erit,</span> <span class='ocrx_word' id='word_1_266' title='bbox 864 1806 997 1843; x_wconf 82' lang='lat' dir='ltr'>faciam</span> <span class='ocrx_word' id='word_1_267' title='bbox 1022 1812 1065 1843; x_wconf 88' lang='lat' dir='ltr'>ut</span> <span class='ocrx_word' id='word_1_268' title='bbox 1094 1806 1294 1858; x_wconf 84' lang='lat' dir='ltr'>intelligas.</span> <span class='ocrx_word' id='word_1_269' title='bbox 1350 1808 1526 1846; x_wconf 85' lang='lat' dir='ltr'>Londini.</span> 
     </span>
    </p>

    <p class='ocr_par' dir='ltr' id='par_1_5' title="bbox 248 1871 1197 1922">
     <span class='ocr_line' id='line_1_27' title="bbox 248 1871 1197 1922; baseline 0 -13"><span class='ocrx_word' id='word_1_270' title='bbox 248 1872 338 1909; x_wconf 68' lang='lat' dir='ltr'>Istre</span> <span class='ocrx_word' id='word_1_271' title='bbox 356 1877 441 1908; x_wconf 89' lang='lat' dir='ltr'>sunt</span> <span class='ocrx_word' id='word_1_272' title='bbox 459 1872 611 1922; x_wconf 78' lang='lat' dir='ltr'>quintae,</span> <span class='ocrx_word' id='word_1_273' title='bbox 630 1877 672 1908; x_wconf 89' lang='lat' dir='ltr'>tu</span> <span class='ocrx_word' id='word_1_274' title='bbox 689 1871 768 1908; x_wconf 88' lang='lat' dir='ltr'>vide</span> <span class='ocrx_word' id='word_1_275' title='bbox 788 1885 835 1908; x_wconf 88' lang='lat' dir='ltr'>an</span> <span class='ocrx_word' id='word_1_276' title='bbox 855 1871 993 1921; x_wconf 83' lang='lat' dir='ltr'>aliquae</span> <span class='ocrx_word' id='word_1_277' title='bbox 1009 1871 1197 1922; x_wconf 86' lang='lat' dir='ltr'>perierint.</span> 
     </span>
    </p>
   </div>
   <div class='ocr_carea' id='block_1_3' title="bbox 257 1973 1002 2267">
    <p class='ocr_par' dir='ltr' id='par_1_6' title="bbox 395 1973 654 1999">
     <span class='ocr_line' id='line_1_28' title="bbox 395 1973 654 1999; baseline -0.004 0"><span class='ocrx_word' id='word_1_278' title='bbox 395 1973 654 1999; x_wconf 81' lang='lat' dir='ltr'><strong>INSCRIPTIO.</strong></span> 
     </span>
    </p>

    <p class='ocr_par' dir='ltr' id='par_1_7' title="bbox 257 2027 1002 2267">
     <span class='ocr_line' id='line_1_29' title="bbox 257 2027 1002 2075; baseline -0.003 -10"><span class='ocrx_word' id='word_1_279' title='bbox 257 2028 484 2065; x_wconf 64' lang='lat' dir='ltr'>Beatissimo</span> <span class='ocrx_word' id='word_1_280' title='bbox 503 2030 584 2064; x_wconf 71' lang='lat' dir='ltr'>viro</span> <span class='ocrx_word' id='word_1_281' title='bbox 611 2028 660 2063; x_wconf 90' lang='lat' dir='ltr'>D.</span> <span class='ocrx_word' id='word_1_282' title='bbox 680 2028 794 2063; x_wconf 73' lang='lat' dir='ltr'>Petro</span> <span class='ocrx_word' id='word_1_283' title='bbox 813 2027 1002 2075; x_wconf 75' lang='lat' dir='ltr'>Martyri,</span> 
     </span>
     <span class='ocr_line' id='line_1_30' title="bbox 335 2091 1000 2141; baseline -0.002 -13"><span class='ocrx_word' id='word_1_284' title='bbox 335 2091 540 2141; x_wconf 74' lang='lat' dir='ltr'>professori</span> <span class='ocrx_word' id='word_1_285' title='bbox 574 2104 691 2128; x_wconf 75' lang='lat' dir='ltr'>sczcrcc</span> <span class='ocrx_word' id='word_1_286' title='bbox 726 2091 922 2139; x_wconf 75' lang='lat' dir='ltr'>theologice</span> <span class='ocrx_word' id='word_1_287' title='bbox 958 2093 1000 2128; x_wconf 78' lang='lat' dir='ltr'>in</span> 
     </span>
     <span class='ocr_line' id='line_1_31' title="bbox 337 2155 1000 2203; baseline 0 -11"><span class='ocrx_word' id='word_1_288' title='bbox 337 2157 486 2192; x_wconf 71' lang='lat' dir='ltr'>eeclesia</span> <span class='ocrx_word' id='word_1_289' title='bbox 519 2156 722 2203; x_wconf 68' lang='lat' dir='ltr'>Tigurina,</span> <span class='ocrx_word' id='word_1_290' title='bbox 753 2155 906 2192; x_wconf 73' lang='lat' dir='ltr'>domino</span> <span class='ocrx_word' id='word_1_291' title='bbox 931 2169 1000 2192; x_wconf 79' lang='lat' dir='ltr'>suo</span> 
     </span>
     <span class='ocr_line' id='line_1_32' title="bbox 339 2220 806 2267; baseline -0.006 -9"><span class='ocrx_word' id='word_1_292' title='bbox 339 2221 605 2258; x_wconf 78' lang='lat' dir='ltr'>colendissimo.</span> <span class='ocrx_word' id='word_1_293' title='bbox 658 2220 806 2267; x_wconf 76' lang='lat' dir='ltr'>Tz&#39;gurz&#39;.</span> 
     </span>
    </p>
   </div>
   <div class='ocr_carea' id='block_1_4' title="bbox 743 2451 1144 2496">
    <p class='ocr_par' dir='ltr' id='par_1_8' title="bbox 743 2451 1144 2496">
     <span class='ocr_line' id='line_1_33' title="bbox 743 2451 1144 2496; baseline 0.01 -5"><span class='ocrx_word' id='word_1_294' title='bbox 743 2451 1041 2494; x_wconf 85' lang='lat' dir='ltr'>EPISTOLA</span> <span class='ocrx_word' id='word_1_295' title='bbox 1082 2454 1144 2496; x_wconf 90' lang='lat' dir='ltr'>X.</span> 
     </span>
    </p>
   </div>
   <div class='ocr_carea' id='block_1_5' title="bbox 854 2546 1032 2549">
    <p class='ocr_par' dir='ltr' id='par_1_9' title="bbox 854 2546 1032 2549">
     <span class='ocr_line' id='line_1_34' title="bbox 854 2546 1032 2549; baseline 0 0"><span class='ocrx_word' id='word_1_296' title='bbox 854 2546 1032 2549; x_wconf 95' lang='lat' dir='ltr'> </span> 
     </span>
    </p>
   </div>
   <div class='ocr_carea' id='block_1_6' title="bbox 350 2597 1561 2635">
    <p class='ocr_par' dir='ltr' id='par_1_10' title="bbox 350 2597 1561 2635">
     <span class='ocr_line' id='line_1_35' title="bbox 350 2597 1561 2635; baseline 0.006 -9"><span class='ocrx_word' id='word_1_297' title='bbox 350 2597 605 2629; x_wconf 79' lang='lat' dir='ltr'><strong>JOHANNES</strong></span> <span class='ocrx_word' id='word_1_298' title='bbox 632 2600 785 2632; x_wconf 88' lang='lat' dir='ltr'>FOXUS</span> <span class='ocrx_word' id='word_1_299' title='bbox 809 2603 876 2632; x_wconf 92' lang='lat' dir='ltr'>AD</span> <span class='ocrx_word' id='word_1_300' title='bbox 904 2603 1162 2635; x_wconf 87' lang='lat' dir='ltr'>HENRICUM</span> <span class='ocrx_word' id='word_1_301' title='bbox 1192 2602 1561 2634; x_wconf 82' lang='lat' dir='ltr'><strong>BULLINGERUM.</strong></span> 
     </span>
    </p>
   </div>
   <div class='ocr_carea' id='block_1_7' title="bbox 176 2680 1741 2993">
    <p class='ocr_par' dir='ltr' id='par_1_11' title="bbox 176 2680 1741 2993">
     <span class='ocr_line' id='line_1_36' title="bbox 255 2680 1739 2728; baseline 0.006 -12"><span class='ocrx_word' id='word_1_302' title='bbox 255 2680 454 2718; x_wconf 77' lang='lat' dir='ltr'><strong>SALUTEM</strong></span> <span class='ocrx_word' id='word_1_303' title='bbox 480 2684 648 2728; x_wconf 85' lang='lat' dir='ltr'>multam,</span> <span class='ocrx_word' id='word_1_304' title='bbox 678 2686 892 2723; x_wconf 86' lang='lat' dir='ltr'>doctissime</span> <span class='ocrx_word' id='word_1_305' title='bbox 917 2687 1025 2724; x_wconf 89' lang='lat' dir='ltr'>simul</span> <span class='ocrx_word' id='word_1_306' title='bbox 1050 2694 1088 2725; x_wconf 91' lang='lat' dir='ltr'>et</span> <span class='ocrx_word' id='word_1_307' title='bbox 1111 2688 1300 2726; x_wconf 85' lang='lat' dir='ltr'>carissime</span> <span class='ocrx_word' id='word_1_308' title='bbox 1322 2688 1361 2726; x_wconf 86' lang='lat' dir='ltr'>in</span> <span class='ocrx_word' id='word_1_309' title='bbox 1385 2688 1536 2726; x_wconf 81' lang='lat' dir='ltr'>Christo</span> <span class='ocrx_word' id='word_1_310' title='bbox 1562 2688 1739 2725; x_wconf 83' lang='lat' dir='ltr'>Domino.</span> 
     </span>
     <span class='ocr_line' id='line_1_37' title="bbox 176 2743 1737 2803; baseline 0.007 -24"><span class='ocrx_word' id='word_1_311' title='bbox 176 2743 330 2792; x_wconf 68' lang='lat' dir='ltr'>Scripsit</span> <span class='ocrx_word' id='word_1_312' title='bbox 358 2746 403 2781; x_wconf 90' lang='lat' dir='ltr'>ad</span> <span class='ocrx_word' id='word_1_313' title='bbox 428 2759 496 2782; x_wconf 86' lang='lat' dir='ltr'>nos</span> <span class='ocrx_word' id='word_1_314' title='bbox 520 2746 577 2783; x_wconf 88' lang='lat' dir='ltr'>his</span> <span class='ocrx_word' id='word_1_315' title='bbox 607 2748 734 2786; x_wconf 87' lang='lat' dir='ltr'>diebus</span> <span class='ocrx_word' id='word_1_316' title='bbox 765 2749 811 2786; x_wconf 88' lang='lat' dir='ltr'>D.</span> <span class='ocrx_word' id='word_1_317' title='bbox 833 2749 988 2796; x_wconf 87' lang='lat' dir='ltr'>Abelus,</span> <span class='ocrx_word' id='word_1_318' title='bbox 1019 2758 1204 2789; x_wconf 88' lang='lat' dir='ltr'>mereator</span> <span class='ocrx_word' id='word_1_319' title='bbox 1231 2752 1396 2803; x_wconf 87' lang='lat' dir='ltr'>Anglus,</span> <span class='ocrx_word' id='word_1_320' title='bbox 1426 2766 1473 2790; x_wconf 87' lang='lat' dir='ltr'>ex</span> <span class='ocrx_word' id='word_1_321' title='bbox 1501 2751 1737 2802; x_wconf 81' lang='lat' dir='ltr'>Argentina3</span> 
     </span>
     <span class='ocr_line' id='line_1_38' title="bbox 176 2807 1738 2862; baseline 0.008 -20"><span class='ocrx_word' id='word_1_322' title='bbox 176 2807 212 2842; x_wconf 86' lang='lat' dir='ltr'>in</span> <span class='ocrx_word' id='word_1_323' title='bbox 244 2807 375 2855; x_wconf 84' lang='lat' dir='ltr'>quibus</span> <span class='ocrx_word' id='word_1_324' title='bbox 405 2809 478 2845; x_wconf 80' lang='lat' dir='ltr'>suis</span> <span class='ocrx_word' id='word_1_325' title='bbox 508 2811 553 2847; x_wconf 83' lang='lat' dir='ltr'>ad</span> <span class='ocrx_word' id='word_1_326' title='bbox 580 2824 650 2848; x_wconf 86' lang='lat' dir='ltr'>nos</span> <span class='ocrx_word' id='word_1_327' title='bbox 674 2813 790 2849; x_wconf 86' lang='lat' dir='ltr'>literis</span> <span class='ocrx_word' id='word_1_328' title='bbox 814 2814 897 2850; x_wconf 73' lang='lat' dir='ltr'>aliae</span> <span class='ocrx_word' id='word_1_329' title='bbox 920 2815 1208 2853; x_wconf 82' lang='lat' dir='ltr'>continebantur</span> <span class='ocrx_word' id='word_1_330' title='bbox 1235 2817 1282 2853; x_wconf 87' lang='lat' dir='ltr'>ad</span> <span class='ocrx_word' id='word_1_331' title='bbox 1304 2823 1354 2861; x_wconf 83' lang='lat' dir='ltr'>te,</span> <span class='ocrx_word' id='word_1_332' title='bbox 1384 2817 1431 2853; x_wconf 87' lang='lat' dir='ltr'>ad</span> <span class='ocrx_word' id='word_1_333' title='bbox 1457 2817 1504 2854; x_wconf 91' lang='lat' dir='ltr'>D.</span> <span class='ocrx_word' id='word_1_334' title='bbox 1530 2815 1738 2862; x_wconf 85' lang='lat' dir='ltr'>Simlerum,</span> 
     </span>
     <span class='ocr_line' id='line_1_39' title="bbox 176 2871 1740 2931; baseline 0.008 -26"><span class='ocrx_word' id='word_1_335' title='bbox 176 2871 404 2916; x_wconf 79' lang='lat' dir='ltr'>Gualterum,</span> <span class='ocrx_word' id='word_1_336' title='bbox 436 2878 473 2909; x_wconf 87' lang='lat' dir='ltr'>et</span> <span class='ocrx_word' id='word_1_337' title='bbox 502 2874 705 2912; x_wconf 83' lang='lat' dir='ltr'>Gesnerum</span> <span class='ocrx_word' id='word_1_338' title='bbox 727 2876 845 2913; x_wconf 74' lang='lat' dir='ltr'>literae</span> <span class='ocrx_word' id='word_1_339' title='bbox 866 2891 912 2914; x_wconf 85' lang='lat' dir='ltr'>ex</span> <span class='ocrx_word' id='word_1_340' title='bbox 937 2877 1076 2928; x_wconf 87' lang='lat' dir='ltr'>Anglia</span> <span class='ocrx_word' id='word_1_341' title='bbox 1101 2880 1262 2930; x_wconf 75' lang='lat' dir='ltr'>scriptae.</span> <span class='ocrx_word' id='word_1_342' title='bbox 1319 2881 1419 2925; x_wconf 81' lang='lat' dir='ltr'>Quae</span> <span class='ocrx_word' id='word_1_343' title='bbox 1447 2881 1478 2918; x_wconf 83' lang='lat' dir='ltr'>si</span> <span class='ocrx_word' id='word_1_344' title='bbox 1503 2880 1550 2917; x_wconf 83' lang='lat' dir='ltr'>ad</span> <span class='ocrx_word' id='word_1_345' title='bbox 1570 2893 1636 2918; x_wconf 88' lang='lat' dir='ltr'>vos</span> <span class='ocrx_word' id='word_1_346' title='bbox 1660 2893 1740 2931; x_wconf 88' lang='lat' dir='ltr'>per-</span> 
     </span>
     <span class='ocr_line' id='line_1_40' title="bbox 177 2934 1741 2993; baseline 0.008 -23"><span class='ocrx_word' id='word_1_347' title='bbox 177 2934 355 2981; x_wconf 81' lang='lat' dir='ltr'>venerint,</span> <span class='ocrx_word' id='word_1_348' title='bbox 386 2936 494 2986; x_wconf 85' lang='lat' dir='ltr'>cupio</span> <span class='ocrx_word' id='word_1_349' title='bbox 522 2944 668 2976; x_wconf 87' lang='lat' dir='ltr'>nostras</span> <span class='ocrx_word' id='word_1_350' title='bbox 695 2939 822 2978; x_wconf 86' lang='lat' dir='ltr'>literas</span> <span class='ocrx_word' id='word_1_351' title='bbox 848 2941 887 2978; x_wconf 89' lang='lat' dir='ltr'>in</span> <span class='ocrx_word' id='word_1_352' title='bbox 917 2942 1051 2993; x_wconf 81' lang='lat' dir='ltr'>quibus</span> <span class='ocrx_word' id='word_1_353' title='bbox 1079 2943 1154 2981; x_wconf 73' lang='lat' dir='ltr'>illae</span> <span class='ocrx_word' id='word_1_354' title='bbox 1184 2944 1475 2983; x_wconf 84' lang='lat' dir='ltr'>continebantur</span> <span class='ocrx_word' id='word_1_355' title='bbox 1501 2944 1574 2982; x_wconf 87' lang='lat' dir='ltr'>huc</span> <span class='ocrx_word' id='word_1_356' title='bbox 1598 2944 1645 2982; x_wconf 89' lang='lat' dir='ltr'>ad</span> <span class='ocrx_word' id='word_1_357' title='bbox 1669 2957 1741 2983; x_wconf 83' lang='lat' dir='ltr'>nos</span> 
     </span>
    </p>
   </div>
  </div>
 </body>
</html>
