1845 3233
106 124 179 180 1.1.]
638 139 692 164 AD
722 136 885 164 PETRUM
913 135 1150 163 ΜΑΒΤΥΒΕΜ.
1606 114 1661 160 '71

108 266 249 299 nerum,
282 254 329 291 D.
363 253 552 299 Vickium‚
581 254 628 291 D.
658 254 862 298 Hallerum,
891 253 939 291 D.
964 253 1133 297 Frisium,
1165 251 1212 290 D.
1240 250 1487 295 Franciscum,
1519 252 1556 285 et
1583 259 1665 284 sua-

107 318 296 356 vissimum
323 331 474 369 puerum
495 318 756 369 Martyrillum,
782 331 866 355 meo
890 318 1053 355 nomine.
1101 315 1327 360 sarisberiae,
1350 315 1395 351 14
1416 314 1474 351 die
1490 311 1664 363 Augusti,

115 384 225 420 1562.

598 469 678 507 Tuo
707 469 849 506 nomini
879 468 1140 512 deditissimus,

921 565 1205 604 JOHANNES
1231 565 1254 603 J
1263 563 1480 610 UELLUS,
1507 563 1662 616 Anglus.

448 671 707 696 INSCRIPTIO.

217 739 304 775 Viro
331 739 440 785 longe
468 738 681 774 doctissimo
707 736 754 773 D.
781 734 896 772 Petro
926 735 1099 784 Mar-tyri

268 804 455 845 Vermilio,
491 802 691 851 prqfitenti
727 812 853 837 sacras
894 800 1022 837 literas
1056 801 1096 835 in

261 868 387 904 selloca
432 866 631 914 Tigurina,
671 866 822 902 domino
865 877 931 901 suo
976 866 1094 901 colen-

264 932 426 968 dissime.

678 1228 972 1269 EPISTOLA
1006 1228 1105 1271 LII.

341 1445 594 1478 JOHANNES
626 1446 834 1478 JUELLUS
866 1447 933 1478 AI)
962 1447 1139 1479 JOSIAM
1169 1445 1434 1478 SIMLERUM.

187 1540 224 1578 S.
246 1539 316 1577 PL.
343 1540 380 1576 in
408 1539 569 1577 Christo.
627 1539 865 1578 Hermannus
893 1546 977 1577 tuus
1004 1553 1102 1577 nunc
1133 1540 1296 1584 tandem,
1327 1538 1379 1575 mi
1407 1535 1521 1581 Josia,
1549 1534 1667 1572 factus

110 1609 165 1641 est
193 1617 310 1649 meus,
336 1617 495 1654 prorsus,
521 1604 685 1655 inquam,
713 1611 750 1641 et
774 1603 900 1649 κτήσει
929 1610 966 1642 et
992 1602 1127 1656 χρήσει
1155 1617 1272 1642 meus.
1328 1603 1415 1648 Quo
1440 1598 1578 1652 pacto?
1611 1597 1667 1635 in-

109 1667 223 1719 quies.
262 1668 407 1705 Dicam.
426 1667 641 1706 Alluvione:
667 1669 810 1720 appulit
829 1669 924 1706 enim
942 1669 1181 1706 Sarisberiam
1200 1668 1246 1706 ad
1265 1673 1434 1706 octavum
1452 1665 1550 1702 diem
1564 1662 1587 1700 J
1590 1662 1667 1707 ulii,

110 1746 192 1770 cum
210 1745 249 1769 se
267 1745 287 1769 c
306 1732 521 1770 tumultibus
537 1733 687 1770 Gallicis
705 1733 766 1770 vix
782 1732 983 1784 eripuisset.
1023 1733 1056 1770 O
1073 1733 1217 1783 quoties
1236 1746 1305 1770 nos
1322 1733 1416 1769 inter
1433 1742 1502 1768 nos
1521 1728 1565 1766 de
1584 1732 1666 1764 toto

109 1803 206 1834 statu
233 1797 444 1848 reipublicae
474 1798 679 1848 Tigurinae,
709 1797 888 1848 imprimis
919 1810 1002 1835 vero
1031 1798 1075 1835 de
1103 1798 1208 1835 Josia
1234 1803 1375 1842 nostro,
1401 1791 1664 1845 colloquimur!

113 1863 265 1899 Prorsus
296 1875 393 1899 nunc
420 1861 520 1899 fruor
548 1862 618 1899 illis
650 1862 871 1900 dulcissimis
904 1862 1145 1907 sermonibus,
1178 1875 1282 1913 quos,
1315 1867 1356 1899 ut
1382 1872 1507 1898 verum
1538 1857 1667 1902 fateor,

111 1927 177 1963 tibi
203 1931 312 1963 antea
341 1926 627 1964 subinvidebam.
684 1926 796 1971 Quod
825 1926 856 1964 si
887 1932 927 1963 tu
959 1940 1058 1964 esses
1086 1940 1169 1970 una,
1203 1926 1295 1963 nihil
1325 1930 1452 1976 posset
1481 1935 1559 1960 esse
1589 1921 1667 1958 dul-

108 1991 198 2035 cius,
225 1990 347 2027 animo
375 1990 522 2041 quidem
547 2004 630 2028 meo
652 1990 745 2027 nihil
768 1990 979 2040 optabilius,
1003 1991 1114 2028 modo
1143 1996 1184 2027 ut
1208 1990 1411 2041 podagram
1438 1988 1538 2025 illam
1565 1991 1667 2022 tuam

111 2055 293 2105 relinquas
322 2054 433 2091 domi.
501 2054 617 2092 Crede
645 2054 747 2100 mihi,
780 2055 831 2092 mi
862 2055 980 2100 Josia,
1013 2055 1082 2092 etsi
1114 2054 1222 2092 nobis
1251 2053 1370 2092 dolori
1403 2057 1488 2091 sunt
1514 2062 1665 2100 esseque

112 2119 248 2156 debent
272 2118 417 2155 dolores
440 2119 507 2163 tui,
526 2124 651 2155 tamen
672 2118 838 2156 videmus
863 2118 1057 2164 interdum,
1084 2130 1166 2155 cum
1194 2118 1239 2155 de
1260 2124 1297 2155 te
1323 2117 1539 2168 cogitamus,
1559 2120 1666 2164 teque

110 2189 196 2220 ante
221 2183 346 2221 oculos
367 2189 515 2221 nostros
542 2183 594 2220 ita
621 2182 892 2227 constituimus,
917 2182 1107 2220 hominem
1136 2195 1274 2226 senem,
1294 2181 1444 2226 vietum,
1466 2181 1666 2223 incurvum,

110 2247 255 2298 obstipo
283 2259 449 2297 corpore,
468 2247 646 2284 nitentem
671 2246 905 2296 scipionibus,
931 2245 1139 2284 trahentem
1165 2246 1317 2283 alterum
1340 2245 1483 2296 pedem,
1513 2249 1550 2281 et
1573 2243 1666 2280 mol-

113 2312 206 2357 liter,
231 2325 274 2348 ac
299 2312 453 2349 delicate
479 2316 703 2362 prementem
727 2316 870 2347 terram.
926 2310 1104 2348 Miramur
1130 2310 1242 2347 etiam
1271 2308 1453 2354 nonnihil,
1482 2307 1668 2358 quomodo

112 2383 148 2413 te
185 2376 349 2427 podagra
385 2388 514 2425 capere
546 2375 720 2425 potuerit,
753 2388 836 2412 cum
869 2381 907 2411 tu
939 2387 1081 2424 semper
1110 2375 1163 2411 ita
1193 2374 1302 2411 fueris
1334 2372 1480 2423 juvenis
1512 2371 1669 2422 impiger

112 2448 223 2491 atque
248 2440 380 2484 alacer,
408 2440 470 2476 illa
498 2446 621 2477 autem
649 2439 771 2477 vetula
800 2439 852 2476 ita
879 2439 1014 2489 ignava
1045 2445 1083 2476 et
1111 2439 1225 2476 deses

190 2504 337 2554 Regina
362 2504 512 2549 Scotiae,
538 2504 660 2554 neptis
687 2504 791 2541 ducis
817 2503 981 2546 Guisani,
1009 2502 1185 2553 proximis
1211 2502 1291 2540 istis
1319 2502 1457 2546 diebus,
1483 2514 1566 2539 cum
1591 2513 1667 2538 am·

112 2570 205 2608 biret
227 2568 385 2619 gratiam
414 2574 525 2618 atquc
546 2568 747 2605 amicitiam
771 2567 912 2618 reginze
940 2574 1091 2612 nostrae,
1117 2567 1217 2604 misit
1244 2567 1289 2604 ad
1317 2579 1397 2604 eam
1421 2565 1667 2610 adamantem,

113 2646 298 2683 gemmam
339 2631 617 2682 pulcherrimam
657 2638 694 2669 ct
731 2633 863 2669 summi
904 2632 1021 2683 pretii,
1059 2631 1233 2668 inclusam
1273 2636 1311 2668 et
1343 2630 1453 2668 fixam
1486 2630 1525 2667 in
1561 2643 1670 2667 aurea

114 2698 262 2742 lamina,
289 2702 326 2733 et
348 2696 643 2733 commendatam
670 2697 804 2734 blando
829 2702 866 2734 ct
891 2696 1051 2746 eleganti
1075 2695 1246 2733 carmine.
1305 2695 1399 2733 Illud
1428 2707 1500 2745 ego
1523 2707 1670 2732 carmen

113 2762 160 2798 ad
188 2767 225 2798 te
253 2761 375 2805 mitto,
402 2766 442 2797 ut
468 2760 652 2810 intelligas
682 2774 805 2798 verum
835 2773 927 2805 esse,
955 2759 1054 2810 quod
1084 2759 1171 2797 olim
1198 2759 1316 2797 dicere
1345 2759 1486 2797 solebat
1509 2757 1669 2795 Ludovi-

113 2838 189 2870 cuS,
228 2825 259 2862 si
288 2825 381 2862 bene
417 2824 581 2869 memini,
617 2824 854 2862 undecimus:
893 2824 968 2868 Qui
998 2823 1117 2861 nescit
1145 2823 1325 2869 simulare,
1356 2823 1473 2861 nescit
1503 2834 1669 2872 regnare.

114 2889 217 2934 Vale,
235 2889 285 2926 mi
302 2890 324 2927 J
329 2888 420 2933 osia,
439 2889 530 2926 vale.
586 2889 712 2926 Saluta
730 2902 880 2927 uxorem
899 2895 1012 2933 tuam,
1031 2887 1205 2925 feminam
1224 2887 1472 2931 lectissimam,
1494 2887 1540 2924 D.
1559 2885 1672 2924 Gual-

113 2958 242 2999 terum,
264 2953 311 2991 D.
334 2953 507 2996 Volfium,
534 2953 580 2992 D.
601 2953 826 3004 Zuiughum,
854 2954 900 2992 D.
925 2952 1130 2998 Hallcrum,
1156 2952 1203 2991 D.
1219 2951 1403 2998 Vickium,
1434 2952 1482 2990 D.
1504 2950 1671 2995 Frisium,
