1845 3233
118 139 202 185 172
325 156 546 184 EDMUNDUS
575 158 825 185 cammaris
859 160 913 185 AD
947 160 1193 188 RODOLPHUM
1223 162 1484 190 GUALTERUM.
1558 146 1701 203 [prsr.

115 269 420 308 Francfordianas
447 273 755 311 transmittendos
783 280 949 319 curaret;
981 278 1031 312 30
1055 276 1196 314 scilicet
1223 290 1269 314 ex
1297 289 1370 322 me,
1393 278 1555 328 reliquos
1582 277 1700 315 mittit

115 334 162 372 D.
191 334 469 380 Dunelmensis,
493 336 599 385 cujus
628 337 741 374 etiam
769 337 893 375 literas
921 352 996 376 una
1024 353 1107 377 cum
1136 341 1217 379 istis
1243 341 1408 392 recipies.
1468 342 1557 380 Hoc
1584 348 1698 379 tenue

112 398 371 435 munusculum
404 411 554 436 oramus
596 406 637 436 ut
673 401 810 438 bonam
844 402 882 439 in
916 408 1059 452 partem
1096 405 1267 454 accipias.
1333 406 1425 443 Vale
1465 406 1504 444 in
1544 406 1698 444 Christo

111 474 221 512 quam
242 462 398 512 optime,
417 462 532 501 frater
550 464 589 501 in
611 464 777 502 Domino
795 465 996 504 carissime.
1055 467 1229 515 Eboraci,
1249 468 1381 506 ultimo
1400 469 1505 515 Julii,
1529 472 1643 508 1573.

852 540 954 579 Tuus
982 541 1022 578 in
1051 541 1217 588 Christo,

962 616 1275 657 EDMUNDUS
1304 619 1690 659 EBORACENSIS.

450 680 716 709 1Nsca1PT10.

212 734 379 772 Domino
417 734 617 785 Rodolplzo
651 736 847 783 Gualtem,
890 739 1047 775 eeclesiae

265 799 461 848 Tigurinoe
479 803 669 847 ministro,
682 800 817 851 fratri
833 804 1041 842 carissimo.

648 1072 864 1114 EPISTO
874 1072 954 1114 LA
986 1074 1156 1117 CXIV.

276 1230 504 1263 EDWINUS
533 1233 719 1265 SANDUS
747 1235 817 1265 AD
845 1235 1105 1266 HENRICUM
1137 1233 1506 1265 BULLINGERUM.

181 1305 351 1344 Mum-15
384 1307 507 1344 modis
541 1308 699 1346 multum
731 1310 800 1348 tibi
837 1311 967 1357 debeo,
1004 1310 1059 1348 vir
1097 1309 1381 1354 colendissime;
1422 1315 1459 1347 et
1496 1309 1596 1360 quod
1625 1322 1685 1346 1110

98 1382 244 1420 semper
273 1384 418 1408 summa
443 1372 705 1411 benevolentia
730 1388 773 1412 ac
807 1375 963 1412 caritate
988 1375 1207 1426 complexus
1230 1387 1283 1420 eS,
1313 1379 1351 1411 et
1375 1373 1476 1425 quod
1502 1380 1580 1411 tam
1605 1373 1686 1412 dili-

99 1440 232 1484 genter
249 1441 360 1485 atque
381 1435 496 1473 etiam
515 1436 730 1487 frequenter
749 1438 797 1475 ad
816 1451 876 1476 me
902 1439 1129 1490 perscribere
1149 1451 1227 1476 non
1247 1451 1287 1475 es
1311 1437 1551 1488 dedignatus.
1609 1437 1684 1475 Pro

99 1499 233 1549 quibus
266 1499 439 1538 omnibus
465 1514 550 1538 cum
575 1501 654 1551 ipse
677 1516 804 1553 parem
830 1503 991 1553 gratiam
1024 1503 1158 1541 referre
1181 1515 1378 1553 nequeam,
1414 1515 1524 1553 agam
1558 1507 1684 1539 tamen

98 1563 238 1613 gratias
257 1577 368 1614 quam
387 1565 583 1611 maximas,
611 1573 648 1603 et
672 1580 731 1604 me
757 1568 825 1605 tibi
851 1574 1004 1619 propter
1026 1568 1135 1606 istam
1157 1567 1387 1618 singularem
1409 1566 1681 1604 humanitatem

96 1634 201 1665 tuam
218 1629 337 1665 multo
354 1629 671 1668 devinctissimum
695 1645 775 1669 esse
795 1633 954 1670 libenter
971 1639 1009 1670 et
1027 1639 1208 1683 perpetuo
1227 1644 1444 1682 agnoscam.

178 1692 292 1737 Quod
310 1693 424 1730 rarius
443 1707 517 1743 ego
536 1695 582 1731 ad
597 1700 633 1732 te
649 1696 782 1741 scrib0,
802 1696 840 1733 id
858 1696 957 1733 haud
975 1696 1222 1746 negligentiae
1237 1708 1335 1732 meae
1355 1695 1543 1733 adscribas
1557 1695 1679 1741 velim,

97 1756 163 1794 sed
190 1757 290 1807 quod
317 1757 434 1794 rarius
461 1757 539 1805 (his
568 1760 775 1809 praesertim
809 1760 1135 1798 turbulentissimis
1163 1760 1407 1811 temporibus,
1439 1773 1524 1798 cum
1555 1760 1682 1797 omnia

96 1821 207 1866 bello,
223 1821 455 1867 tumultibus,
477 1828 515 1860 et
533 1823 700 1861 caedibus
719 1823 902 1876 flagrant)
921 1825 1154 1875 reperiuntur
1171 1824 1352 1862 tabellarii
1369 1824 1433 1875 qui
1452 1825 1499 1861 ad
1516 1837 1580 1862 vos
1597 1837 1683 1875 pro·

96 1886 287 1924 fiscuntur.
344 1886 467 1925 Nemo
493 1888 593 1924 enim
623 1894 679 1925 est
707 1887 831 1933 homo,
859 1889 920 1927 cui
944 1889 1121 1927 libentius
1150 1889 1361 1933 scriberem,
1387 1901 1496 1939 quam
1526 1888 1681 1926 domino

96 1950 329 2000 Bullingero,
349 1963 458 2001 quem
478 1957 518 1988 ut
529 1958 681 2002 propter
697 1965 879 1989 summam
896 1952 1169 1990 humanitatem
1189 1966 1292 1989 suam
1312 1953 1514 2003 plurimum
1534 1965 1680 2003 semper

94 2015 228 2059 amavi,
254 2014 307 2051 sic
331 2020 482 2064 propter
509 2015 738 2065 singularem
765 2016 1011 2054 eruditionem
1041 2023 1079 2054 et
1101 2029 1221 2054 raram
1246 2017 1440 2067 pietatem,
1463 2022 1679 2068 ceterasque

93 2079 248 2116 virtutes
269 2078 437 2123 eximias,
456 2079 614 2117 multum
632 2087 828 2118 veneratus
848 2094 944 2118 sum.
999 2081 1097 2119 Cum
1116 2081 1216 2119 enim
1235 2082 1274 2118 in
1293 2081 1420 2119 animo
1439 2081 1602 2127 revolvo,
1622 2080 1679 2132 (id

93 2143 192 2194 quod
216 2143 424 2194 saepissime
443 2142 569 2195 faci0‚)
588 2150 730 2195 quanto
755 2158 839 2183 cum
858 2145 983 2183 favore
1003 2151 1041 2183 et
1059 2145 1180 2196 gratia
1197 2159 1220 2183 a
1238 2145 1344 2183 vobis
1365 2152 1542 2197 exceptus
1562 2157 1677 2191 eram,

92 2220 204 2258 quain
221 2207 380 2244 fraterne
400 2214 437 2245 et
463 2208 676 2246 immaniter
693 2222 752 2246 me
768 2210 979 2247 exulantem
999 2210 1200 2255 tractastis,
1220 2216 1257 2247 et
1276 2210 1315 2247 in
1335 2215 1476 2260 quanta
1494 2209 1676 2247 felicitate

92 2271 184 2309 mihi
209 2271 306 2321 apud
330 2284 397 2309 vos
421 2272 522 2309 visus
551 2285 632 2309 sum
652 2273 798 2317 vivere;
828 2273 921 2311 nihil
944 2273 1067 2324 magis
1091 2273 1184 2310 mihi
1208 2274 1247 2310 in
1279 2274 1377 2311 votis
1402 2279 1473 2319 est,
1499 2286 1610 2324 quam
1635 2280 1676 2311 ut

91 2336 266 2374 liberatus
285 2336 366 2373 istis
386 2337 483 2375 curis
499 2344 536 2374 et
555 2337 866 2383 solicitudinibus,
886 2339 1019 2389 quibus
1032 2339 1112 2389 jam
1134 2339 1281 2385 obruor,
1298 2338 1397 2389 quod
1414 2338 1599 2389 reliquum
1617 2344 1675 2376 est

90 2400 282 2451 temporis,
315 2401 447 2451 Tiguri
476 2408 666 2453 tamquam
695 2403 914 2454 peregrinus
943 2409 981 2440 et
1012 2403 1174 2454 privatus
1204 2416 1473 2441 consumerem.
1530 2403 1673 2454 Hujus—

91 2465 193 2502 modi
211 2466 464 2516 cogitationes
489 2467 582 2504 mihi
601 2468 767 2518 quotidie
792 2474 1005 2514 occurrunt,
1030 2481 1101 2506 nec
1127 2468 1325 2519 quicquam
1350 2474 1408 2506 est
1426 2468 1527 2519 quod
1546 2468 1673 2519 potius

90 2536 320 2580 exoptarem.
377 2530 450 2568 Sed
474 2532 582 2569 video
600 2531 672 2570 1100
693 2532 770 2569 fieri
795 2545 873 2570 non
891 2545 1013 2583 posse.
1069 2532 1159 2571 Non
1179 2532 1274 2569 mihi
1292 2545 1372 2570 sum
1391 2539 1523 2570 natus:
1553 2533 1671 2571 eccle-

89 2593 144 2631 sia
162 2600 302 2639 nostra,
321 2608 409 2646 quae
428 2596 601 2646 pessimis
625 2596 682 2633 his
706 2597 934 2647 temporibus
952 2597 1113 2648 pessime
1133 2597 1307 2647 agitatur,
1325 2603 1363 2634 et
1381 2597 1582 2636 infeliciter
1594 2602 1670 2635 tur-

86 2658 175 2696 bata
192 2665 260 2704 est,
287 2672 410 2696 meam
430 2673 579 2710 operam
599 2659 838 2698 vehementer
856 2660 1063 2712 efflagitat;
1097 2674 1274 2713 sponsam
1294 2661 1436 2699 Christi
1454 2661 1670 2712 periclitan-

86 2728 163 2759 tem
183 2735 260 2760 non
284 2723 403 2761 audeo
430 2724 620 2769 deserere3
649 2726 867 2763 reclamaret
885 2725 1025 2763 etenim
1045 2725 1292 2772 conscientia,
1315 2732 1353 2763 et
1369 2726 1589 2776 proditionis
1606 2739 1667 2763 me

86 2792 269 2835 argueret.
325 2787 505 2825 Oriuntur
528 2801 575 2825 ex
603 2789 710 2826 nobis
738 2789 826 2827 novi
855 2796 1033 2835 oratores,
1059 2790 1164 2827 stulti
1192 2790 1461 2835 adolescentes,
1490 2789 1553 2840 qui
1580 2802 1667 2827 cum

85 2850 344 2888 auctoritatem
370 2858 624 2898 contemnant,
649 2866 718 2891 nec
744 2853 950 2904 superiores
968 2854 1172 2904 patiantur,
1191 2860 1315 2892 totum
1334 2855 1503 2892 ecclesiae
1522 2859 1664 2892 nostrae

87 2920 239 2959 statum,
265 2914 326 2964 pie
351 2916 597 2953 constitutum
625 2922 662 2953 et
692 2929 840 2954 summo
867 2918 1096 2968 optimorum
1125 2931 1312 2956 consensu
1340 2919 1598 2957 confirmatum
1626 2925 1665 2956 et

88 2977 303 3023 stabilitum,
329 2977 494 3018 funditus
519 2980 703 3018 sublatum
729 2994 773 3020 ac
799 2981 1025 3020 eradicatum
1053 2994 1132 3020 esse
1159 2982 1311 3028 volunt;
1339 2988 1377 3020 et
1400 2981 1528 3020 nescio
1553 2995 1664 3034 quam
