1845 3233
99 150 249 207 Lxxl1.]
317 165 528 192 JoHANNES
563 165 856 193 PARKHURSTUS
887 165 943 191 AD
974 164 1189 191 HENRICUM
1222 163 1525 190 BELLIXGERL'M.
1631 151 1690 193 99

97 287 154 320 est
182 286 363 320 mortuus.
421 282 656 320 Fraterculus
686 281 851 332 quidam,
884 280 1037 319 nomine
1068 279 1210 318 Blacke
1245 279 1385 331 (niger,
1419 279 1592 329 Swartz,)
1623 290 1687 329 pa·

95 347 276 398 pistarum
294 346 578 397 antesignanus,
598 346 731 385 eodem
752 352 921 397 tempore
940 346 980 383 in
999 345 1083 383 aula
1101 344 1296 382 occiditur.

306 433 369 472 Sic
396 434 505 485 niger
532 433 592 472 hic
621 434 773 479 nebulo,
801 433 913 483 nigra
940 445 1090 484 quoque
1118 437 1240 469 morte
1269 438 1499 483 peremptus,

305 498 451 536 Invitus
479 500 627 549 nigrum
656 499 781 536 subito
810 497 1004 535 descendit
1030 497 1069 534 in
1097 509 1237 534 orcum.

175 590 405 637 Consiliarii,
426 592 489 643 qui
514 598 595 630 tum
623 592 732 630 simul
758 592 796 629 in
819 604 934 629 unum
958 590 1169 628 cubiculum
1190 595 1293 627 erant
1311 590 1548 640 congregati,
1568 595 1610 627 ut
1640 590 1686 627 de

94 656 204 694 rebus
223 656 445 706 quibusdam
466 657 591 695 arduis
608 656 878 701 consultarent,
906 655 1101 693 audientes
1122 654 1188 692 has
1208 654 1333 692 caedes
1353 655 1456 704 (nam
1476 655 1577 706 prius
1595 653 1688 691 nihil

95 721 173 758 tale
198 726 285 758 sunt
313 720 522 772 suspicati),
552 721 615 758 alii
643 721 726 766 hac,
755 720 819 758 alii
843 720 942 766 illac,
974 720 1037 757 alii
1068 733 1088 756 e
1114 718 1285 757 fenestris
1317 732 1399 757 sese
1428 719 1692 769 proturbantes

96 785 267 824 certatim
287 785 523 836 aufugerunt.
577 785 705 836 Atque
729 785 784 822 ita
808 797 892 822 cum
912 784 1003 822 vitae
1023 783 1192 835 periculo
1211 784 1302 821 vitae
1326 784 1572 821 consulebant
1593 797 1687 821 suae.

96 849 248 900 Regina
266 850 408 888 Scotiae
426 850 634 901 principem
653 850 820 900 peperit;
850 855 890 887 et
915 862 999 886 cum
1027 854 1139 886 antea
1156 848 1335 886 maritum
1357 847 1503 900 (nescio
1522 861 1614 899 quas
1639 848 1689 885 ob

95 913 245 966 causas)
272 928 350 952 non
371 915 470 952 tanti
494 915 646 959 faceret,
661 915 741 965 jam
762 913 912 965 plurimi
930 913 1034 951 facit.
1092 913 1140 951 D.
1160 913 1360 958 Jacobum,
1387 926 1493 951 suum
1515 927 1560 951 ex
1586 918 1690 963 patre

94 978 257 1024 fratrem,
286 992 398 1030 quem
424 985 536 1017 antea
559 992 714 1017 exosum
741 977 885 1025 habuit,
907 991 1009 1016 nunc
1036 978 1076 1016 in
1104 978 1262 1028 gratiam
1286 978 1449 1029 rccepit;
1476 991 1546 1015 nec
1564 977 1687 1014 solum

93 1042 211 1088 illum,
241 1044 307 1081 scd
338 1057 467 1081 omnes
494 1042 659 1095 (utinam
682 1056 811 1081 verum
844 1049 942 1081 esset
957 1041 987 1094 l)
1017 1056 1189 1094 proceres
1215 1043 1465 1093 evangeliCOS,
1493 1048 1536 1079 ut
1561 1041 1687 1079 audio,

96 1107 358 1158 Evangelium,
389 1108 491 1159 quod
515 1109 561 1146 ad
584 1114 733 1158 tempus
757 1108 985 1158 sopiebatur,
1014 1108 1138 1146 denuo
1165 1114 1277 1159 caput
1301 1108 1432 1146 exerit.

173 1172 272 1210 Cum
292 1172 373 1210 haec
393 1173 604 1217 scriberem,
635 1186 720 1210 ecce
740 1172 875 1210 Scotus
894 1173 1043 1224 quidam
1070 1186 1090 1210 e
1111 1172 1229 1223 patria
1247 1173 1478 1223 profugiens,
1498 1170 1554 1209 vir
1568 1171 1691 1208 bonus

93 1242 132 1274 et
146 1237 291 1283 doctus,
306 1237 467 1275 narravit
478 1237 583 1282 mihi,
598 1237 784 1287 Reginam
799 1243 888 1275 ante
904 1237 1035 1275 decem
1051 1236 1301 1274 hebdomadas
1316 1249 1470 1288 puerum
1488 1235 1689 1287 peperisse,

94 1301 257 1339 necdum
277 1315 359 1339 esse
374 1302 616 1353 baptizatum.
665 1302 778 1352 Rogo
797 1315 961 1340 causam.
1004 1302 1235 1353 Respondet,
1255 1302 1442 1352 Reginam
1460 1300 1552 1338 velle
1570 1299 1690 1337 filium

94 1364 132 1402 in
155 1379 303 1404 summo
330 1366 473 1417 templo
499 1366 717 1416 Edenburgi
742 1380 828 1404 cum
850 1367 1050 1404 multarum
1082 1367 1278 1405 missarum
1304 1365 1552 1404 celebratione
1579 1364 1690 1414 tingi.

92 1429 146 1466 At
177 1430 494 1481 Edenburgenses
519 1430 558 1468 id
582 1431 739 1468 omnino
763 1444 840 1468 non
867 1431 1114 1482 permittent3
1145 1445 1230 1469 nam
1257 1431 1353 1469 mori
1382 1430 1506 1482 potius
1531 1429 1690 1473 malunt,

94 1507 206 1544 quam
243 1495 339 1545 pati,
377 1501 418 1532 ut
454 1495 722 1533 abominandae
758 1495 888 1533 missae
926 1496 964 1533 in
1001 1509 1088 1533 suas
1125 1496 1303 1534 ecclesias
1339 1496 1474 1533 iterum
1511 1495 1688 1544 irrepant.

93 1558 275 1596 Metuunt
294 1559 621 1610 Edenburgenses,
641 1573 690 1596 ne
709 1559 772 1597 illa
790 1573 810 1597 e
832 1559 955 1598 Gallia
980 1560 1177 1598 auxiliares
1197 1566 1306 1598 vocet
1325 1560 1465 1610 copia-S,
1485 1564 1528 1596 ut
1543 1558 1690 1596 facilius

95 1624 333 1674 evangelicos
350 1624 550 1675 opprimat.
609 1624 772 1662 Oremus
791 1624 999 1662 Dominum
1019 1638 1086 1675 pro
1104 1625 1175 1675 piis
1194 1625 1382 1663 fratribus.
1438 1624 1485 1662 In
1503 1621 1692 1660 mandatis

95 1688 200 1726 dedit
219 1688 367 1726 cuidam
386 1688 450 1739 pio
471 1689 611 1735 comiti,
634 1694 675 1726 ut
695 1689 879 1727 Knoxum
905 1689 1004 1740 apud
1024 1702 1065 1728 se
1082 1696 1300 1727 manentem
1319 1702 1367 1727 ex
1388 1689 1532 1726 aedibus
1552 1686 1691 1738 ejiciat.

96 1752 286 1790 Dominus
318 1752 419 1789 illam
449 1759 656 1797 convertat,
690 1753 748 1791 vel
784 1753 1017 1791 confundat!
1076 1754 1188 1791 Plura
1220 1754 1378 1791 scribere
1410 1765 1489 1790 non
1524 1764 1689 1804 possum.

95 1816 173 1854 Diu
193 1816 393 1867 aegrotavi,
420 1817 581 1855 necdum
600 1817 710 1868 plene
736 1817 919 1856 convalui.
977 1817 1048 1855 Est
1073 1818 1158 1856 haec
1185 1818 1381 1857 scribendo
1405 1817 1597 1856 debilitata
1614 1829 1693 1853 ma·

95 1894 177 1920 nus.
235 1882 343 1927 Vale,
369 1882 561 1920 carissime
584 1882 637 1920 mi
656 1882 888 1933 Bullingere.
943 1871 1125 1929 Salutem,
1145 1896 1291 1934 quaeso,
1311 1883 1498 1921 adscribas
1518 1882 1693 1920 omnibus

95 1946 183 1992 tuis,
202 1952 314 1997 atque
333 1946 428 1984 adeo
448 1947 621 1984 omnibus
639 1947 724 1997 piis,
742 1960 829 1985 meo
849 1947 1016 1985 nomine.
1073 1947 1262 1986 Dominus
1280 1961 1347 1985 sua
1369 1948 1499 1985 dextra
1517 1951 1693 1998 protegat

97 2010 278 2048 ditionem
298 2009 586 2060 Tigurinorum!
644 2011 812 2062 Raptim.
859 2011 1096 2057 Ludhamiae‚
1117 2015 1162 2049 21
1186 2012 1288 2062 Aug.
1314 2014 1429 2050 1566.

993 2104 1109 2150 Tuus,

757 2183 1052 2224 JOHANNES
1082 2184 1500 2231 PARKHURSTL‘S,
1533 2186 1584 2224 N.

328 2269 594 2297 lecmP'no.

190 2324 236 2361 D.
259 2325 429 2362 Henrz’eo
448 2325 684 2374 Bullingero.

602 2553 902 2595 EPISTOLA
944 2554 1174 2597 LXXIII.

188 2722 462 2754 EDMUNDUS
486 2723 805 2755 GRINDALLUS
832 2724 901 2755 AD
930 2723 1191 2755 HENRICUM
1222 2723 1597 2756 BULLINGERUM.

176 2797 270 2836 SAL.
299 2799 338 2836 in
367 2798 536 2845 Christo,
565 2799 768 2837 clarissime
803 2799 852 2837 D.
882 2799 1111 2850 Bullingere‚
1147 2812 1191 2836 ac
1227 2799 1338 2837 frater
1370 2799 1408 2837 in
1438 2799 1591 2837 Christo
1625 2813 1686 2838 ca-

94 2862 251 2901 rissime.
309 2863 357 2901 D.
379 2863 574 2902 Johannes
600 2863 744 2901 Abelus
772 2863 925 2901 tradidit
952 2863 1042 2901 mihi
1078 2864 1202 2902 literas
1230 2869 1314 2902 tuas
1340 2864 1388 2901 D.
1412 2864 1684 2909 wintoniensi,

95 2925 345 2974 Norwicensi,
366 2934 405 2966 et
430 2928 522 2966 mihi
548 2928 798 2966 communiter
822 2927 1033 2978 inscriptas,
1062 2941 1137 2965 una
1162 2941 1246 2965 cum
1267 2928 1407 2979 scripto
1431 2933 1557 2966 vestro
1577 2928 1624 2965 de
1643 2941 1684 2965 rc

96 2991 292 3038 vestiaria3
320 3005 475 3043 quorum
503 3005 577 3044 ego
608 2992 836 3043 exemplaria
862 2992 907 3029 ad
941 2992 989 3033 D.
1010 2991 1313 3030 wintoniensem
1341 2999 1378 3030 et
1405 2991 1682 3032 Norwicensem

1450 3056 1576 3093 *7-9

1552 3085 1576 3094 au
