1845 3233
153 154 206 196 10
213 155 235 195 2
754 167 949 194 RICARDUS
980 167 1120 192 HILLES
1589 150 1732 210 [EPIST.

149 283 247 319 dere.
308 282 393 320 Una
422 295 506 320 cum
538 283 584 320 iis
609 283 727 320 literis
751 282 1032 319 Helveticarum
1061 280 1302 318 ecclesiarum
1330 280 1607 318 confessionem
1631 281 1736 319 colli—

149 351 277 395 gatam
307 351 344 382 et
375 345 596 382 Germanica
622 346 753 395 lingua
778 345 955 394 scriptam
984 358 1007 380 a
1038 344 1206 382 Domino
1237 343 1359 382 Abelo
1394 344 1507 382 fratre
1543 344 1735 383 carissimo

147 408 287 459 accepi.
342 408 423 446 Tuo
453 408 578 445 libello
603 408 731 460 (sicuti
759 409 873 445 etiam
900 407 1035 458 facies)
1059 414 1227 445 veterem
1254 414 1423 445 nostram
1452 408 1657 446 amicitiam
1677 421 1736 446 re-

147 484 284 509 novare
319 471 446 521 cupis;
494 478 606 524 atque
643 486 712 524 pro
749 485 794 510 eo
830 485 989 522 magnas
1027 470 1148 509 habeo
1189 472 1343 522 gratias.
1409 472 1589 511 Latinam
1623 479 1735 510 antea

147 535 311 572 Londini
336 535 449 572 habui
478 549 545 585 per
573 537 735 574 eundem
765 536 975 574 Dominum
1007 535 1185 581 Abelum,
1215 536 1341 587 idque,
1374 537 1405 575 si
1434 537 1531 575 bene
1565 537 1733 582 memini,

145 598 323 648 proximis
349 599 526 637 nundinis
554 600 836 638 Francofordiae
869 599 986 636 tentis
1018 599 1402 650 quadragesimalibus
1433 601 1537 652 prius
1562 614 1585 637 a
1614 606 1652 637 te
1673 613 1733 638 re-

145 662 276 712 ceptis.
347 663 459 701 Liber
492 665 571 715 ipse
609 664 702 701 mihi
739 665 834 701 bene
871 663 1009 714 placet,
1052 664 1149 701 sicut
1187 664 1301 703 etiam
1338 665 1518 709 deberet;
1563 665 1734 703 doctrina

143 739 305 776 namque
337 728 399 777 pia
425 734 464 765 et
492 729 638 766 sincera
667 729 806 779 ubique
835 728 874 765 in
903 741 948 766 eo
975 729 1148 767 traditur.

225 790 413 829 Dominus
446 791 590 830 Abelus
621 792 715 830 mihi
749 793 862 830 etiam
891 792 1031 838 retulit,
1061 798 1138 830 tres
1166 799 1249 831 tuas
1278 793 1373 831 filias
1405 793 1600 831 maritatas
1627 798 1733 843 peste

144 853 340 892 extinctas.
412 856 501 894 Non
539 857 669 894 dubito
705 863 832 895 autem
871 870 934 895 eas
969 858 1009 894 in
1048 857 1217 895 Domino
1256 871 1338 895 esse
1374 863 1564 895 mortuas:
1609 858 1730 895 beat-ae.

143 923 267 954 autem
293 925 379 956 sunt
401 920 499 965 ideo,
528 922 615 972 quia
635 935 735 959 nunc
760 935 837 960 non
869 923 1108 960 solummodo
1127 936 1150 960 a
1168 922 1358 960 laboribus
1384 922 1461 960 suis
1479 927 1640 966 cessant,
1667 921 1733 958 sed

142 982 257 1019 etiam
291 984 428 1034 absque
465 986 566 1023 omni
603 987 718 1024 dubio
755 1000 829 1024 una
866 1000 952 1024 cum
991 986 1147 1025 Christo
1175 986 1373 1025 Servatore
1409 992 1538 1024 nostro
1574 985 1732 1036 perenni

141 1045 312 1085 fruuntur
338 1049 429 1093 vita,
462 1050 572 1087 sicuti
601 1051 717 1088 etiam
744 1064 872 1088 earum
905 1056 1036 1095 mater,
1067 1064 1163 1089 uxor
1193 1057 1260 1089 tua
1291 1051 1366 1102 pia.
1432 1051 1641 1101 Postquam
1665 1063 1731 1087 au—

144 1115 221 1146 tem
249 1111 299 1148 sis
328 1125 394 1162 per
420 1113 586 1151 divinam
615 1115 891 1165 providentiam
919 1115 1064 1161 viduus,
1093 1129 1164 1153 nec
1189 1116 1350 1166 juvenis,
1381 1128 1459 1153 non
1485 1114 1613 1152 dubito
1641 1113 1732 1164 quin

142 1173 216 1210 divi
237 1175 343 1213 Pauli
362 1177 523 1225 apostoli
541 1184 720 1229 sequutus
738 1178 852 1216 fueris
871 1179 1084 1225 consilium,
1103 1180 1166 1217 ubi
1181 1180 1285 1225 dicit,
1312 1184 1334 1200 “
1349 1179 1450 1218 Nam
1467 1179 1581 1216 velim
1599 1190 1730 1215 omnes

142 1235 314 1276 homines
343 1252 424 1277 esse
453 1247 493 1278 ut
520 1241 601 1293 ipse
634 1255 727 1279 sum.
783 1243 859 1280 Sed
887 1243 1141 1294 unusquisque
1171 1243 1363 1294 proprium
1393 1243 1536 1280 donum
1567 1242 1681 1279 habet
1708 1255 1731 1279 a

144 1301 240 1346 Deo,
264 1303 357 1340 alius
383 1305 534 1354 quidem
561 1306 627 1351 sic,
657 1307 750 1344 alius
779 1314 905 1345 autem
933 1308 997 1345 sic.
1054 1308 1152 1345 Dico
1177 1313 1304 1344 autem
1335 1307 1592 1357 inconjugatis
1615 1312 1653 1343 et
1676 1306 1731 1343 vi-

142 1365 237 1411 duis,
265 1366 416 1405 Bonum
436 1369 488 1406 eis
506 1376 576 1416 est,
596 1372 628 1408 si
647 1373 855 1409 manserint
873 1378 914 1408 ut
928 1378 967 1409 et
985 1385 1071 1422 ego,
1094 1372 1190 1409 etc.''
1247 1373 1297 1409 Et
1315 1371 1475 1409 iterum:
1507 1370 1730 1421 “Alligatus

139 1442 179 1466 es
208 1431 342 1469 uxori?
368 1446 415 1470 ne
434 1447 584 1484 quaeras
603 1435 805 1473 divortium
821 1449 828 1473 :
858 1436 1002 1474 solutus
1019 1450 1059 1473 es
1078 1437 1125 1474 ab
1145 1437 1292 1474 uxore?
1315 1450 1363 1474 ne
1375 1449 1525 1487 quaeras
1536 1435 1728 1473 uxorem.''

222 1496 445 1535 Laudandus
484 1499 601 1545 Deus,
637 1500 739 1551 quod
778 1502 851 1538 190
888 1501 1063 1538 homilias
1100 1502 1138 1538 in
1177 1501 1316 1539 Isaiam
1348 1500 1570 1552 prophetam
1607 1499 1728 1537 absol-

142 1560 248 1597 veris.
306 1561 510 1613 Postquam
535 1578 688 1602 excusae
717 1565 869 1611 fuerint,
898 1565 989 1603 mihi
1013 1579 1139 1603 earum
1164 1566 1339 1603 volumen
1367 1579 1496 1610 unum,
1525 1565 1556 1602 si
1585 1564 1727 1609 vixero,

141 1623 291 1661 volente
323 1626 488 1664 Domino
519 1629 757 1679 comparabo.
813 1630 903 1667 Non
936 1630 1037 1667 enim
1066 1629 1195 1667 dubito
1226 1629 1316 1680 quin
1349 1630 1468 1666 multo
1497 1642 1582 1666 cum
1606 1628 1730 1665 fructu

140 1688 343 1736 prodibunt
383 1690 421 1727 in
464 1691 598 1730 lucem.
669 1693 794 1730 Doleo
830 1694 932 1744 quod
971 1693 1086 1730 sentis
1124 1693 1264 1730 sensim
1300 1693 1395 1730 vires
1432 1699 1515 1730 tuas
1544 1693 1727 1729 deficere:

142 1764 252 1801 spero
289 1759 415 1790 tamen
448 1760 547 1792 certe
577 1756 702 1794 Deum
739 1758 925 1807 optimum
958 1757 1162 1794 maximum
1192 1763 1230 1794 te
1262 1757 1302 1794 in
1335 1749 1528 1794 senectute
1557 1762 1622 1793 tua
1650 1769 1729 1793 non

140 1816 424 1863 derelicturum3
455 1820 642 1871 oraboque
671 1834 738 1871 pro
766 1827 805 1858 te
831 1821 950 1867 illum,
980 1821 1091 1858 sicuti
1116 1822 1196 1873 ipse
1233 1822 1351 1873 cupis.
1407 1822 1519 1859 Faxit
1554 1822 1658 1859 Deus
1687 1827 1729 1858 ut

141 1881 329 1927 exaudiat,
351 1883 413 1933 qui
433 1884 538 1929 dixit,
571 1891 595 1906 ‘⁴
612 1885 875 1936 Quodcunque
893 1885 1075 1936 petieritis
1101 1885 1253 1923 Patrem
1272 1886 1312 1923 in
1330 1886 1484 1924 nomine
1503 1899 1602 1932 meo,
1624 1885 1728 1923 dabit

140 1945 283 1982 vobis.''

219 2009 386 2048 Uxorem
412 2025 533 2050 meam
557 2014 710 2052 nomine
731 2021 797 2052 tuo
820 2014 959 2052 salvere
980 2015 1136 2065 jubebo.
1193 2014 1280 2053 Scio
1301 2028 1385 2052 eam
1405 2015 1617 2065 gavisuram
1635 2016 1729 2053 mul-

137 2080 230 2119 tum,
264 2088 376 2125 quam
405 2077 481 2113 cito
513 2078 558 2115 de
593 2084 657 2115 tua
692 2080 790 2116 bona
823 2076 1041 2129 precatione
1074 2080 1222 2117 audiat:
1260 2079 1368 2117 valde
1399 2080 1500 2116 enim
1532 2086 1570 2117 te
1603 2079 1727 2129 diligit

137 2138 318 2187 profecto.
382 2141 579 2179 Recreabit
607 2156 689 2180 eam
719 2144 845 2187 etiam,
876 2157 961 2181 cum
989 2158 1054 2194 per
1082 2158 1142 2182 me
1171 2144 1319 2189 resciet,
1352 2149 1389 2181 te
1423 2144 1575 2195 quidem
1606 2143 1726 2181 adhuc

135 2202 254 2240 valere
287 2210 489 2256 utcunque,
522 2212 562 2243 ut
600 2207 708 2253 dicis,
742 2221 808 2258 per
842 2208 916 2246 Dei
951 2209 1125 2259 gratiam.
1182 2209 1355 2246 Graviter
1381 2209 1526 2246 laborat
1559 2209 1725 2259 conjunx

138 2278 220 2303 mea
246 2268 402 2305 subinde
429 2269 474 2306 de
497 2270 639 2307 calculo
668 2271 706 2308 in
734 2271 899 2317 renibus,
928 2273 1004 2309 imo
1034 2272 1083 2310 ad
1113 2278 1274 2310 mortem
1301 2272 1378 2310 fere
1402 2273 1615 2323 aliquando.
1668 2272 1725 2310 Tu

136 2344 202 2381 pro
236 2345 280 2368 ea
315 2333 521 2370 Dominum
557 2348 662 2372 orare
689 2336 868 2385 digneris,
897 2350 1039 2387 precor.
1108 2338 1253 2375 Vereor
1279 2351 1326 2374 ne
1354 2337 1416 2375 hio
1444 2338 1596 2375 morbus
1622 2337 1725 2374 illam

136 2394 311 2432 conficiet
338 2397 502 2435 tandem.
560 2399 748 2436 Dominus
778 2398 935 2445 Abelus‚
966 2407 1165 2452 postquam
1196 2415 1243 2438 ex
1272 2402 1354 2451 ejus
1382 2401 1506 2438 vesica
1534 2407 1724 2439 extractus

138 2457 206 2493 fuit
235 2459 371 2508 ingens
406 2461 581 2507 calculus,
617 2475 695 2499 non
731 2463 825 2501 adeo
859 2464 954 2501 bene
992 2464 1135 2502 habuit.
1201 2466 1337 2503 Metuo
1374 2471 1499 2503 autem
1532 2465 1637 2509 mihi,
1675 2478 1724 2502 ne

137 2534 212 2557 non
237 2522 300 2559 diu
330 2524 437 2560 nobis
467 2526 638 2576 supersit.
694 2527 761 2565 Vir
789 2533 846 2564 est
873 2528 970 2578 piuS‚
1000 2529 1142 2566 amicus
1171 2529 1302 2574 fidelis,
1335 2535 1373 2567 et
1400 2543 1509 2567 verus
1539 2529 1722 2567 Israelita.

139 2585 309 2622 Uxorem
340 2586 464 2633 habet,
495 2594 536 2626 ut
563 2591 738 2628 audivisti
770 2592 899 2642 procul
938 2593 1051 2630 dubio
1079 2593 1137 2630 vel
1164 2594 1280 2639 nosti,
1308 2594 1410 2645 piam
1439 2599 1477 2630 et
1504 2593 1725 2631 honestissi-

135 2661 249 2686 mam.
306 2650 376 2687 Illa
404 2652 500 2689 bene
528 2654 641 2699 valet,
673 2655 738 2692 sed
765 2655 953 2693 claudicat
980 2657 1138 2707 pedibus
1167 2670 1325 2708 semper,
1352 2664 1551 2708 postquam
1576 2657 1725 2708 Argen-

136 2713 255 2755 tinam
288 2714 450 2763 reliquit,
489 2716 598 2753 sicuti
634 2718 712 2756 illic
746 2719 861 2756 etiam
894 2733 959 2770 per
996 2721 1189 2758 biennium
1221 2728 1423 2772 antequam
1460 2735 1506 2759 eo
1538 2722 1720 2760 discessit.

128 2781 161 2806 1“
177 2776 303 2821 Quem
339 2778 463 2828 diligit
500 2780 687 2818 Dominus
714 2782 889 2833 castigat,
918 2784 1074 2834 corrigit
1101 2791 1229 2822 autem
1265 2798 1419 2823 omnem
1455 2786 1574 2823 filium
1611 2799 1723 2836 quem

127 2841 308 2891 ,recipits'
365 2843 414 2879 Et
444 2846 680 2894 “permultae
710 2854 798 2886 sunt
833 2849 1094 2888 tribulationes
1126 2851 1336 2900 justorum:
1376 2851 1422 2888 ab
1461 2851 1507 2888 iis
1545 2850 1721 2888 omnibus

135 2912 262 2942 autem
288 2906 458 2944 liberabit
486 2920 550 2945 eos
578 2909 718 2947 Deus.’'

216 2969 313 3010 Volo
343 2970 541 3020 aliquando
573 2972 711 3024 aliquid
743 2975 984 3014 ecelesiarum
1016 2977 1300 3016 Helveticarum
1333 2977 1580 3016 confessionis
1612 2980 1722 3018 uxori
