<?xml version="1.0" encoding="UTF-8"?>
<!DOCTYPE html PUBLIC "-//W3C//DTD XHTML 1.0 Transitional//EN"
    "http://www.w3.org/TR/xhtml1/DTD/xhtml1-transitional.dtd">
<html xmlns="http://www.w3.org/1999/xhtml" xml:lang="en" lang="en">
 <head>
  <title>
</title>
<meta http-equiv="Content-Type" content="text/html;charset=utf-8" />
  <meta name='ocr-system' content='tesseract 3.04.00' />
  <meta name='ocr-capabilities' content='ocr_page ocr_carea ocr_par ocr_line ocrx_word'/>
</head>
<body>
  <div class='ocr_page' id='page_1' title='image "./zurichletterscom02hunt_0439.png"; bbox 0 0 1845 3233; ppageno 0'>
   <div class='ocr_carea' id='block_1_1' title="bbox 111 151 1684 209">
    <p class='ocr_par' dir='ltr' id='par_1_1' title="bbox 111 151 1684 209">
     <span class='ocr_line' id='line_1_1' title="bbox 111 151 1684 209; baseline 0.001 -18"><span class='ocrx_word' id='word_1_1' title='bbox 111 151 211 209; x_wconf 53' lang='grc' dir='ltr'>πμ]</span> <span class='ocrx_word' id='word_1_2' title='bbox 366 169 571 195; x_wconf 67' lang='lat' dir='ltr'>JonANM-:s&#39;</span> <span class='ocrx_word' id='word_1_3' title='bbox 603 169 771 195; x_wconf 75' lang='lat' dir='ltr'>JL&#39;ELLLS</span> <span class='ocrx_word' id='word_1_4' title='bbox 809 168 861 193; x_wconf 52' lang='grc' dir='ltr'>,ευ</span> <span class='ocrx_word' id='word_1_5' title='bbox 894 167 1103 194; x_wconf 57' lang='lat' dir='ltr'>namucum</span> <span class='ocrx_word' id='word_1_6' title='bbox 1144 166 1442 193; x_wconf 53' lang='lat' dir='ltr'>maffeianum.</span> <span class='ocrx_word' id='word_1_7' title='bbox 1603 153 1684 193; x_wconf 77' lang='lat'>133</span> 
     </span>
    </p>
   </div>
   <div class='ocr_carea' id='block_1_2' title="bbox 95 281 1688 3041">
    <p class='ocr_par' dir='ltr' id='par_1_2' title="bbox 105 281 1688 464">
     <span class='ocr_line' id='line_1_2' title="bbox 107 281 1686 336; baseline 0 -19"><span class='ocrx_word' id='word_1_8' title='bbox 107 281 177 318; x_wconf 86' lang='lat' dir='ltr'>diis</span> <span class='ocrx_word' id='word_1_9' title='bbox 198 282 404 321; x_wconf 84' lang='lat' dir='ltr'>miscuisse.</span> <span class='ocrx_word' id='word_1_10' title='bbox 450 284 564 323; x_wconf 80' lang='lat' dir='ltr'>Videt</span> <span class='ocrx_word' id='word_1_11' title='bbox 585 286 663 336; x_wconf 82' lang='lat' dir='ltr'>jam</span> <span class='ocrx_word' id='word_1_12' title='bbox 687 285 960 322; x_wconf 74' lang='lat' dir='ltr'>conclamatum</span> <span class='ocrx_word' id='word_1_13' title='bbox 978 298 1070 330; x_wconf 84' lang='lat' dir='ltr'>esse,</span> <span class='ocrx_word' id='word_1_14' title='bbox 1091 290 1128 322; x_wconf 87' lang='lat' dir='ltr'>et</span> <span class='ocrx_word' id='word_1_15' title='bbox 1147 283 1215 321; x_wconf 87' lang='lat' dir='ltr'>sibi</span> <span class='ocrx_word' id='word_1_16' title='bbox 1237 284 1384 334; x_wconf 86' lang='lat' dir='ltr'>suisque</span> <span class='ocrx_word' id='word_1_17' title='bbox 1403 281 1557 320; x_wconf 81' lang='lat' dir='ltr'>exitium</span> <span class='ocrx_word' id='word_1_18' title='bbox 1575 285 1686 331; x_wconf 87' lang='lat' dir='ltr'>atque</span> 
     </span>
     <span class='ocr_line' id='line_1_3' title="bbox 105 344 1688 400; baseline -0.001 -18"><span class='ocrx_word' id='word_1_19' title='bbox 105 344 296 384; x_wconf 86' lang='lat' dir='ltr'>interitum</span> <span class='ocrx_word' id='word_1_20' title='bbox 327 348 532 387; x_wconf 83' lang='lat' dir='ltr'>imminere.</span> <span class='ocrx_word' id='word_1_21' title='bbox 591 349 722 400; x_wconf 86' lang='lat' dir='ltr'>Itaque</span> <span class='ocrx_word' id='word_1_22' title='bbox 755 349 792 386; x_wconf 91' lang='lat' dir='ltr'>id</span> <span class='ocrx_word' id='word_1_23' title='bbox 825 362 924 386; x_wconf 84' lang='lat' dir='ltr'>nunc</span> <span class='ocrx_word' id='word_1_24' title='bbox 957 349 1038 399; x_wconf 80' lang='lat' dir='ltr'>agit</span> <span class='ocrx_word' id='word_1_25' title='bbox 1069 348 1192 391; x_wconf 86' lang='lat' dir='ltr'>miser,</span> <span class='ocrx_word' id='word_1_26' title='bbox 1227 353 1267 386; x_wconf 85' lang='lat' dir='ltr'>ut</span> <span class='ocrx_word' id='word_1_27' title='bbox 1298 361 1346 385; x_wconf 90' lang='lat' dir='ltr'>ne</span> <span class='ocrx_word' id='word_1_28' title='bbox 1378 346 1593 397; x_wconf 80' lang='lat' dir='ltr'>ignobiliter</span> <span class='ocrx_word' id='word_1_29' title='bbox 1623 349 1688 381; x_wconf 83' lang='lat' dir='ltr'>aut</span> 
     </span>
     <span class='ocr_line' id='line_1_4' title="bbox 107 409 1510 464; baseline 0.001 -18"><span class='ocrx_word' id='word_1_30' title='bbox 107 409 260 448; x_wconf 80' lang='lat' dir='ltr'>obscure</span> <span class='ocrx_word' id='word_1_31' title='bbox 290 419 427 462; x_wconf 87' lang='lat' dir='ltr'>pereat.</span> <span class='ocrx_word' id='word_1_32' title='bbox 485 414 618 451; x_wconf 83' lang='lat' dir='ltr'><strong>Pereat</strong></span> <span class='ocrx_word' id='word_1_33' title='bbox 649 427 739 464; x_wconf 81' lang='lat' dir='ltr'>ergo</span> <span class='ocrx_word' id='word_1_34' title='bbox 769 427 856 451; x_wconf 84' lang='lat' dir='ltr'>sane</span> <span class='ocrx_word' id='word_1_35' title='bbox 886 413 1065 451; x_wconf 89' lang='lat' dir='ltr'>memoria</span> <span class='ocrx_word' id='word_1_36' title='bbox 1097 426 1226 450; x_wconf 91' lang='lat' dir='ltr'>eorum</span> <span class='ocrx_word' id='word_1_37' title='bbox 1257 425 1343 450; x_wconf 87' lang='lat' dir='ltr'>cum</span> <span class='ocrx_word' id='word_1_38' title='bbox 1371 411 1510 449; x_wconf 90' lang='lat' dir='ltr'>sonitu.</span> 
     </span>
    </p>

    <p class='ocr_par' dir='ltr' id='par_1_3' title="bbox 95 476 1686 2716">
     <span class='ocr_line' id='line_1_5' title="bbox 185 476 1686 530; baseline -0.001 -17"><span class='ocrx_word' id='word_1_39' title='bbox 185 476 299 521; x_wconf 80' lang='lat' dir='ltr'>Quod</span> <span class='ocrx_word' id='word_1_40' title='bbox 324 477 438 527; x_wconf 78' lang='lat' dir='ltr'>vulgo</span> <span class='ocrx_word' id='word_1_41' title='bbox 456 478 552 530; x_wconf 86' lang='lat' dir='ltr'>apud</span> <span class='ocrx_word' id='word_1_42' title='bbox 573 492 637 516; x_wconf 74' lang='lat' dir='ltr'>vos</span> <span class='ocrx_word' id='word_1_43' title='bbox 661 478 826 516; x_wconf 79' lang='lat' dir='ltr'><strong>obscuris</strong></span> <span class='ocrx_word' id='word_1_44' title='bbox 848 477 1057 516; x_wconf 89' lang='lat' dir='ltr'>rumoribus</span> <span class='ocrx_word' id='word_1_45' title='bbox 1077 477 1261 515; x_wconf 81' lang='lat' dir='ltr'>ferebatur</span> <span class='ocrx_word' id='word_1_46' title='bbox 1279 477 1323 514; x_wconf 91' lang='lat' dir='ltr'>de</span> <span class='ocrx_word' id='word_1_47' title='bbox 1342 476 1548 513; x_wconf 82' lang='lat' dir='ltr'>mutatione</span> <span class='ocrx_word' id='word_1_48' title='bbox 1567 478 1686 512; x_wconf 87' lang='lat' dir='ltr'>status</span> 
     </span>
     <span class='ocr_line' id='line_1_6' title="bbox 109 538 1685 593; baseline -0.001 -17"><span class='ocrx_word' id='word_1_49' title='bbox 109 540 240 585; x_wconf 83' lang='lat' dir='ltr'>nostri,</span> <span class='ocrx_word' id='word_1_50' title='bbox 269 540 362 578; x_wconf 87' lang='lat' dir='ltr'>nihil</span> <span class='ocrx_word' id='word_1_51' title='bbox 390 548 478 579; x_wconf 86' lang='lat' dir='ltr'>erat.</span> <span class='ocrx_word' id='word_1_52' title='bbox 548 542 645 580; x_wconf 80' lang='lat' dir='ltr'>Nam</span> <span class='ocrx_word' id='word_1_53' title='bbox 676 550 713 580; x_wconf 89' lang='lat' dir='ltr'>et</span> <span class='ocrx_word' id='word_1_54' title='bbox 744 543 893 593; x_wconf 79' lang='lat' dir='ltr'>Regina</span> <span class='ocrx_word' id='word_1_55' title='bbox 921 547 1046 580; x_wconf 88' lang='lat' dir='ltr'>nostra</span> <span class='ocrx_word' id='word_1_56' title='bbox 1074 542 1148 579; x_wconf 88' lang='lat' dir='ltr'>Dei</span> <span class='ocrx_word' id='word_1_57' title='bbox 1177 547 1252 592; x_wconf 91' lang='lat' dir='ltr'>opt.</span> <span class='ocrx_word' id='word_1_58' title='bbox 1279 554 1377 578; x_wconf 84' lang='lat' dir='ltr'>max.</span> <span class='ocrx_word' id='word_1_59' title='bbox 1404 538 1587 577; x_wconf 89' lang='lat' dir='ltr'>beneficio</span> <span class='ocrx_word' id='word_1_60' title='bbox 1614 538 1685 575; x_wconf 92' lang='lat' dir='ltr'>im-</span> 
     </span>
     <span class='ocr_line' id='line_1_7' title="bbox 107 601 1685 657; baseline -0.003 -16"><span class='ocrx_word' id='word_1_61' title='bbox 107 604 250 655; x_wconf 81' lang='lat' dir='ltr'>perium</span> <span class='ocrx_word' id='word_1_62' title='bbox 278 611 392 650; x_wconf 87' lang='lat' dir='ltr'>tenet,</span> <span class='ocrx_word' id='word_1_63' title='bbox 426 612 463 643; x_wconf 84' lang='lat' dir='ltr'>et</span> <span class='ocrx_word' id='word_1_64' title='bbox 485 607 619 657; x_wconf 76' lang='lat' dir='ltr'>religio</span> <span class='ocrx_word' id='word_1_65' title='bbox 648 621 693 645; x_wconf 90' lang='lat' dir='ltr'>eo</span> <span class='ocrx_word' id='word_1_66' title='bbox 722 607 802 644; x_wconf 85' lang='lat' dir='ltr'>loeo</span> <span class='ocrx_word' id='word_1_67' title='bbox 831 613 901 653; x_wconf 87' lang='lat' dir='ltr'>est,</span> <span class='ocrx_word' id='word_1_68' title='bbox 932 619 1007 656; x_wconf 85' lang='lat' dir='ltr'>quo</span> <span class='ocrx_word' id='word_1_69' title='bbox 1036 605 1119 651; x_wconf 88' lang='lat' dir='ltr'>fuit,</span> <span class='ocrx_word' id='word_1_70' title='bbox 1148 618 1294 656; x_wconf 88' lang='lat' dir='ltr'>quoque</span> <span class='ocrx_word' id='word_1_71' title='bbox 1322 605 1499 642; x_wconf 84' lang='lat' dir='ltr'>volumus.</span> <span class='ocrx_word' id='word_1_72' title='bbox 1554 601 1685 640; x_wconf 89' lang='lat' dir='ltr'>Ponti-</span> 
     </span>
     <span class='ocr_line' id='line_1_8' title="bbox 106 667 1682 722; baseline -0.003 -16"><span class='ocrx_word' id='word_1_73' title='bbox 106 669 178 706; x_wconf 84' lang='lat' dir='ltr'>ficii</span> <span class='ocrx_word' id='word_1_74' title='bbox 207 675 333 707; x_wconf 89' lang='lat' dir='ltr'>tamen</span> <span class='ocrx_word' id='word_1_75' title='bbox 360 671 491 713; x_wconf 81' lang='lat' dir='ltr'>nostri,</span> <span class='ocrx_word' id='word_1_76' title='bbox 524 685 672 709; x_wconf 81' lang='lat' dir='ltr'>suasore</span> <span class='ocrx_word' id='word_1_77' title='bbox 701 678 812 722; x_wconf 86' lang='lat' dir='ltr'>atque</span> <span class='ocrx_word' id='word_1_78' title='bbox 838 670 1036 722; x_wconf 88' lang='lat' dir='ltr'>impulsore</span> <span class='ocrx_word' id='word_1_79' title='bbox 1061 683 1157 721; x_wconf 87' lang='lat' dir='ltr'>papa</span> <span class='ocrx_word' id='word_1_80' title='bbox 1183 670 1264 715; x_wconf 88' lang='lat' dir='ltr'>Pio,</span> <span class='ocrx_word' id='word_1_81' title='bbox 1294 669 1420 707; x_wconf 86' lang='lat' dir='ltr'>onmia</span> <span class='ocrx_word' id='word_1_82' title='bbox 1443 667 1512 706; x_wconf 89' lang='lat' dir='ltr'>sibi</span> <span class='ocrx_word' id='word_1_83' title='bbox 1537 678 1682 705; x_wconf 89' lang='lat' dir='ltr'>sumere</span> 
     </span>
     <span class='ocr_line' id='line_1_9' title="bbox 108 728 1683 786; baseline -0.003 -16"><span class='ocrx_word' id='word_1_84' title='bbox 108 740 388 784; x_wconf 80' lang='lat' dir='ltr'>proposuerant.</span> <span class='ocrx_word' id='word_1_85' title='bbox 460 736 533 773; x_wconf 80' lang='lat' dir='ltr'>Sed</span> <span class='ocrx_word' id='word_1_86' title='bbox 569 735 786 773; x_wconf 83' lang='lat' dir='ltr'>benedictus</span> <span class='ocrx_word' id='word_1_87' title='bbox 824 735 872 773; x_wconf 90' lang='lat' dir='ltr'>sit</span> <span class='ocrx_word' id='word_1_88' title='bbox 910 735 1015 773; x_wconf 89' lang='lat' dir='ltr'>Deus</span> <span class='ocrx_word' id='word_1_89' title='bbox 1050 740 1189 779; x_wconf 87' lang='lat' dir='ltr'>noster,</span> <span class='ocrx_word' id='word_1_90' title='bbox 1227 740 1330 786; x_wconf 89' lang='lat' dir='ltr'>pater</span> <span class='ocrx_word' id='word_1_91' title='bbox 1370 732 1525 772; x_wconf 86' lang='lat' dir='ltr'>Domini</span> <span class='ocrx_word' id='word_1_92' title='bbox 1564 728 1683 768; x_wconf 87' lang='lat' dir='ltr'>nostri</span> 
     </span>
     <span class='ocr_line' id='line_1_10' title="bbox 104 794 1681 851; baseline -0.003 -16"><span class='ocrx_word' id='word_1_93' title='bbox 104 798 125 835; x_wconf 83' lang='lat' dir='ltr'><em>J</em></span> <span class='ocrx_word' id='word_1_94' title='bbox 131 811 195 835; x_wconf 90' lang='lat' dir='ltr'>esu</span> <span class='ocrx_word' id='word_1_95' title='bbox 216 797 368 844; x_wconf 83' lang='lat' dir='ltr'>Christi,</span> <span class='ocrx_word' id='word_1_96' title='bbox 390 800 487 850; x_wconf 90' lang='lat' dir='ltr'>quod</span> <span class='ocrx_word' id='word_1_97' title='bbox 506 800 592 838; x_wconf 92' lang='lat' dir='ltr'>dum</span> <span class='ocrx_word' id='word_1_98' title='bbox 613 805 784 851; x_wconf 82' lang='lat' dir='ltr'>quaerunt</span> <span class='ocrx_word' id='word_1_99' title='bbox 801 800 894 836; x_wconf 90' lang='lat' dir='ltr'>alios</span> <span class='ocrx_word' id='word_1_100' title='bbox 922 799 1074 850; x_wconf 83' lang='lat' dir='ltr'>perdere</span> <span class='ocrx_word' id='word_1_101' title='bbox 1099 799 1169 850; x_wconf 90' lang='lat' dir='ltr'>ipsi</span> <span class='ocrx_word' id='word_1_102' title='bbox 1189 799 1367 850; x_wconf 82' lang='lat' dir='ltr'>pereunt!</span> <span class='ocrx_word' id='word_1_103' title='bbox 1424 798 1509 835; x_wconf 89' lang='lat' dir='ltr'>Duo</span> <span class='ocrx_word' id='word_1_104' title='bbox 1532 794 1681 846; x_wconf 88' lang='lat' dir='ltr'>quidem</span> 
     </span>
     <span class='ocr_line' id='line_1_11' title="bbox 95 859 1678 914; baseline -0.004 -13"><span class='ocrx_word' id='word_1_105' title='bbox 95 862 251 901; x_wconf 82' lang='lat' dir='ltr'>comites</span> <span class='ocrx_word' id='word_1_106' title='bbox 274 869 470 907; x_wconf 78' lang='lat' dir='ltr'>nostrates,</span> <span class='ocrx_word' id='word_1_107' title='bbox 495 870 532 901; x_wconf 90' lang='lat' dir='ltr'>et</span> <span class='ocrx_word' id='word_1_108' title='bbox 555 865 724 914; x_wconf 83' lang='lat' dir='ltr'>juvenes,</span> <span class='ocrx_word' id='word_1_109' title='bbox 751 869 788 901; x_wconf 86' lang='lat' dir='ltr'>et</span> <span class='ocrx_word' id='word_1_110' title='bbox 811 862 916 906; x_wconf 84' lang='lat' dir='ltr'>fatui,</span> <span class='ocrx_word' id='word_1_111' title='bbox 945 869 983 899; x_wconf 89' lang='lat' dir='ltr'>et</span> <span class='ocrx_word' id='word_1_112' title='bbox 1013 862 1182 907; x_wconf 79' lang='lat' dir='ltr'>obaerati,</span> <span class='ocrx_word' id='word_1_113' title='bbox 1206 868 1244 900; x_wconf 89' lang='lat' dir='ltr'>et</span> <span class='ocrx_word' id='word_1_114' title='bbox 1268 861 1415 913; x_wconf 88' lang='lat' dir='ltr'>perditi,</span> <span class='ocrx_word' id='word_1_115' title='bbox 1442 860 1573 912; x_wconf 90' lang='lat' dir='ltr'>quibus</span> <span class='ocrx_word' id='word_1_116' title='bbox 1598 859 1678 896; x_wconf 88' lang='lat' dir='ltr'>alea</span> 
     </span>
     <span class='ocr_line' id='line_1_12' title="bbox 97 923 1674 978; baseline -0.002 -15"><span class='ocrx_word' id='word_1_117' title='bbox 97 927 218 977; x_wconf 78' lang='lat' dir='ltr'>magis</span> <span class='ocrx_word' id='word_1_118' title='bbox 254 941 366 978; x_wconf 88' lang='lat' dir='ltr'>quam</span> <span class='ocrx_word' id='word_1_119' title='bbox 402 928 533 977; x_wconf 77' lang='lat' dir='ltr'>religio</span> <span class='ocrx_word' id='word_1_120' title='bbox 572 942 671 966; x_wconf 64' lang='lat' dir='ltr'>curte</span> <span class='ocrx_word' id='word_1_121' title='bbox 709 933 820 973; x_wconf 89' lang='lat' dir='ltr'>esset,</span> <span class='ocrx_word' id='word_1_122' title='bbox 852 928 919 964; x_wconf 85' lang='lat' dir='ltr'>sub</span> <span class='ocrx_word' id='word_1_123' title='bbox 957 933 1164 964; x_wconf 81' lang='lat' dir='ltr'>extremum</span> <span class='ocrx_word' id='word_1_124' title='bbox 1201 932 1421 964; x_wconf 83' lang='lat' dir='ltr'>autumnum</span> <span class='ocrx_word' id='word_1_125' title='bbox 1458 925 1497 962; x_wconf 88' lang='lat' dir='ltr'>in</span> <span class='ocrx_word' id='word_1_126' title='bbox 1533 923 1674 961; x_wconf 87' lang='lat' dir='ltr'>ultimis</span> 
     </span>
     <span class='ocr_line' id='line_1_13' title="bbox 96 987 1673 1043; baseline -0.003 -15"><span class='ocrx_word' id='word_1_127' title='bbox 96 991 248 1042; x_wconf 77' lang='lat' dir='ltr'>Angliae</span> <span class='ocrx_word' id='word_1_128' title='bbox 284 993 420 1029; x_wconf 88' lang='lat' dir='ltr'>finibus</span> <span class='ocrx_word' id='word_1_129' title='bbox 452 992 592 1043; x_wconf 81' lang='lat' dir='ltr'>aliquot</span> <span class='ocrx_word' id='word_1_130' title='bbox 621 993 737 1029; x_wconf 85' lang='lat' dir='ltr'>millia</span> <span class='ocrx_word' id='word_1_131' title='bbox 767 991 987 1029; x_wconf 87' lang='lat' dir='ltr'>rusticorum</span> <span class='ocrx_word' id='word_1_132' title='bbox 1019 991 1326 1041; x_wconf 83' lang='lat' dir='ltr'>conscripserunt.</span> <span class='ocrx_word' id='word_1_133' title='bbox 1384 990 1440 1028; x_wconf 87' lang='lat' dir='ltr'>Ea</span> <span class='ocrx_word' id='word_1_134' title='bbox 1470 988 1553 1026; x_wconf 81' lang='lat' dir='ltr'>freti</span> <span class='ocrx_word' id='word_1_135' title='bbox 1582 987 1673 1025; x_wconf 90' lang='lat' dir='ltr'>mul-</span> 
     </span>
     <span class='ocr_line' id='line_1_14' title="bbox 96 1052 1672 1107; baseline -0.002 -15"><span class='ocrx_word' id='word_1_136' title='bbox 96 1056 267 1101; x_wconf 84' lang='lat' dir='ltr'>titudine,</span> <span class='ocrx_word' id='word_1_137' title='bbox 301 1057 423 1094; x_wconf 82' lang='lat' dir='ltr'>edicta</span> <span class='ocrx_word' id='word_1_138' title='bbox 456 1057 568 1094; x_wconf 85' lang='lat' dir='ltr'>etiam</span> <span class='ocrx_word' id='word_1_139' title='bbox 602 1057 681 1094; x_wconf 87' lang='lat' dir='ltr'>ausi</span> <span class='ocrx_word' id='word_1_140' title='bbox 719 1062 804 1094; x_wconf 90' lang='lat' dir='ltr'>sunt</span> <span class='ocrx_word' id='word_1_141' title='bbox 836 1056 1022 1107; x_wconf 82' lang='lat' dir='ltr'>publicare</span> <span class='ocrx_word' id='word_1_142' title='bbox 1059 1055 1231 1092; x_wconf 83' lang='lat' dir='ltr'>homines</span> <span class='ocrx_word' id='word_1_143' title='bbox 1263 1054 1452 1098; x_wconf 83' lang='lat' dir='ltr'>levissimi,</span> <span class='ocrx_word' id='word_1_144' title='bbox 1490 1052 1582 1090; x_wconf 83' lang='lat' dir='ltr'>velle</span> <span class='ocrx_word' id='word_1_145' title='bbox 1619 1065 1672 1095; x_wconf 82' lang='lat' dir='ltr'>se,</span> 
     </span>
     <span class='ocr_line' id='line_1_15' title="bbox 97 1117 1676 1172; baseline -0.003 -15"><span class='ocrx_word' id='word_1_146' title='bbox 97 1121 223 1158; x_wconf 79' lang='lat' dir='ltr'>neseio</span> <span class='ocrx_word' id='word_1_147' title='bbox 247 1134 352 1172; x_wconf 86' lang='lat' dir='ltr'>quos,</span> <span class='ocrx_word' id='word_1_148' title='bbox 379 1119 514 1172; x_wconf 87' lang='lat' dir='ltr'>(neque</span> <span class='ocrx_word' id='word_1_149' title='bbox 539 1121 636 1158; x_wconf 88' lang='lat' dir='ltr'>enim</span> <span class='ocrx_word' id='word_1_150' title='bbox 664 1134 873 1172; x_wconf 84' lang='lat' dir='ltr'>quenquam</span> <span class='ocrx_word' id='word_1_151' title='bbox 893 1118 1169 1171; x_wconf 87' lang='lat' dir='ltr'>nominabant,)</span> <span class='ocrx_word' id='word_1_152' title='bbox 1190 1133 1209 1156; x_wconf 91' lang='lat' dir='ltr'>e</span> <span class='ocrx_word' id='word_1_153' title='bbox 1235 1132 1341 1156; x_wconf 87' lang='lat' dir='ltr'>sacro</span> <span class='ocrx_word' id='word_1_154' title='bbox 1366 1117 1526 1168; x_wconf 77' lang='lat' dir='ltr'>Reginae</span> <span class='ocrx_word' id='word_1_155' title='bbox 1545 1122 1676 1154; x_wconf 88' lang='lat' dir='ltr'>senatu</span> 
     </span>
     <span class='ocr_line' id='line_1_16' title="bbox 97 1182 1672 1235; baseline -0.004 -12"><span class='ocrx_word' id='word_1_156' title='bbox 97 1186 312 1224; x_wconf 87' lang='lat' dir='ltr'>submovere</span> <span class='ocrx_word' id='word_1_157' title='bbox 347 1192 384 1223; x_wconf 89' lang='lat' dir='ltr'>et</span> <span class='ocrx_word' id='word_1_158' title='bbox 413 1186 548 1223; x_wconf 81' lang='lat' dir='ltr'>avitam</span> <span class='ocrx_word' id='word_1_159' title='bbox 576 1186 796 1235; x_wconf 67' lang='lat' dir='ltr'>religionem</span> <span class='ocrx_word' id='word_1_160' title='bbox 827 1185 1029 1222; x_wconf 80' lang='lat' dir='ltr'>restituere.</span> <span class='ocrx_word' id='word_1_161' title='bbox 1087 1183 1188 1229; x_wconf 85' lang='lat' dir='ltr'>Quid</span> <span class='ocrx_word' id='word_1_162' title='bbox 1220 1183 1385 1234; x_wconf 69' lang='lat' dir='ltr'>quaeris?</span> <span class='ocrx_word' id='word_1_163' title='bbox 1441 1182 1530 1220; x_wconf 91' lang='lat' dir='ltr'>Non</span> <span class='ocrx_word' id='word_1_164' title='bbox 1558 1193 1672 1217; x_wconf 87' lang='lat' dir='ltr'>mora.</span> 
     </span>
     <span class='ocr_line' id='line_1_17' title="bbox 98 1245 1670 1301; baseline -0.004 -13"><span class='ocrx_word' id='word_1_165' title='bbox 98 1251 304 1301; x_wconf 79' lang='lat' dir='ltr'>Eriguntur</span> <span class='ocrx_word' id='word_1_166' title='bbox 333 1250 369 1287; x_wconf 90' lang='lat' dir='ltr'>in</span> <span class='ocrx_word' id='word_1_167' title='bbox 399 1250 528 1288; x_wconf 85' lang='lat' dir='ltr'>eastris</span> <span class='ocrx_word' id='word_1_168' title='bbox 559 1250 700 1294; x_wconf 82' lang='lat' dir='ltr'>altaria,</span> <span class='ocrx_word' id='word_1_169' title='bbox 729 1250 996 1287; x_wconf 82' lang='lat' dir='ltr'>comburuntur</span> <span class='ocrx_word' id='word_1_170' title='bbox 1025 1261 1126 1286; x_wconf 85' lang='lat' dir='ltr'>saera</span> <span class='ocrx_word' id='word_1_171' title='bbox 1156 1248 1291 1285; x_wconf 88' lang='lat' dir='ltr'>biblia:</span> <span class='ocrx_word' id='word_1_172' title='bbox 1333 1246 1504 1284; x_wconf 87' lang='lat' dir='ltr'>dicuntur</span> <span class='ocrx_word' id='word_1_173' title='bbox 1534 1245 1670 1282; x_wconf 72' lang='lat' dir='ltr'>missae.</span> 
     </span>
     <span class='ocr_line' id='line_1_18' title="bbox 98 1310 1674 1366; baseline -0.004 -14"><span class='ocrx_word' id='word_1_174' title='bbox 98 1316 190 1353; x_wconf 84' lang='lat' dir='ltr'>Post</span> <span class='ocrx_word' id='word_1_175' title='bbox 219 1315 361 1366; x_wconf 85' lang='lat' dir='ltr'>aliquot</span> <span class='ocrx_word' id='word_1_176' title='bbox 395 1314 642 1352; x_wconf 85' lang='lat' dir='ltr'>hebdomadas</span> <span class='ocrx_word' id='word_1_177' title='bbox 679 1314 839 1352; x_wconf 85' lang='lat' dir='ltr'>mittitur</span> <span class='ocrx_word' id='word_1_178' title='bbox 876 1314 913 1351; x_wconf 90' lang='lat' dir='ltr'>in</span> <span class='ocrx_word' id='word_1_179' title='bbox 947 1314 1030 1351; x_wconf 91' lang='lat' dir='ltr'>illos</span> <span class='ocrx_word' id='word_1_180' title='bbox 1064 1326 1189 1351; x_wconf 88' lang='lat' dir='ltr'>eomes</span> <span class='ocrx_word' id='word_1_181' title='bbox 1224 1311 1431 1355; x_wconf 80' lang='lat' dir='ltr'>Sussexius‚</span> <span class='ocrx_word' id='word_1_182' title='bbox 1466 1310 1521 1348; x_wconf 87' lang='lat' dir='ltr'>vir</span> <span class='ocrx_word' id='word_1_183' title='bbox 1554 1310 1674 1347; x_wconf 90' lang='lat' dir='ltr'>bonus</span> 
     </span>
     <span class='ocr_line' id='line_1_19' title="bbox 98 1373 1674 1430; baseline -0.004 -13"><span class='ocrx_word' id='word_1_184' title='bbox 98 1386 135 1417; x_wconf 85' lang='lat' dir='ltr'>et</span> <span class='ocrx_word' id='word_1_185' title='bbox 166 1386 335 1417; x_wconf 90' lang='lat' dir='ltr'>strenuus</span> <span class='ocrx_word' id='word_1_186' title='bbox 362 1385 399 1416; x_wconf 84' lang='lat' dir='ltr'>et</span> <span class='ocrx_word' id='word_1_187' title='bbox 428 1380 555 1430; x_wconf 83' lang='lat' dir='ltr'>magni</span> <span class='ocrx_word' id='word_1_188' title='bbox 583 1379 740 1423; x_wconf 81' lang='lat' dir='ltr'>consilii,</span> <span class='ocrx_word' id='word_1_189' title='bbox 765 1392 848 1416; x_wconf 90' lang='lat' dir='ltr'>cum</span> <span class='ocrx_word' id='word_1_190' title='bbox 872 1378 1007 1429; x_wconf 79' lang='lat' dir='ltr'>exigua</span> <span class='ocrx_word' id='word_1_191' title='bbox 1037 1391 1159 1415; x_wconf 91' lang='lat' dir='ltr'>manu.</span> <span class='ocrx_word' id='word_1_192' title='bbox 1218 1376 1277 1414; x_wconf 93' lang='lat' dir='ltr'>Illi</span> <span class='ocrx_word' id='word_1_193' title='bbox 1306 1389 1344 1413; x_wconf 87' lang='lat' dir='ltr'>se</span> <span class='ocrx_word' id='word_1_194' title='bbox 1374 1374 1552 1426; x_wconf 82' lang='lat' dir='ltr'>paulatim</span> <span class='ocrx_word' id='word_1_195' title='bbox 1581 1373 1674 1411; x_wconf 89' lang='lat' dir='ltr'>reci-</span> 
     </span>
     <span class='ocr_line' id='line_1_20' title="bbox 97 1440 1673 1494; baseline -0.004 -13"><span class='ocrx_word' id='word_1_196' title='bbox 97 1457 183 1494; x_wconf 85' lang='lat' dir='ltr'>pere</span> <span class='ocrx_word' id='word_1_197' title='bbox 208 1450 245 1481; x_wconf 89' lang='lat' dir='ltr'>et</span> <span class='ocrx_word' id='word_1_198' title='bbox 267 1444 509 1481; x_wconf 81' lang='lat' dir='ltr'>retrocedere.</span> <span class='ocrx_word' id='word_1_199' title='bbox 565 1443 761 1481; x_wconf 75' lang='lat' dir='ltr'>Sussexius</span> <span class='ocrx_word' id='word_1_200' title='bbox 786 1443 931 1493; x_wconf 88' lang='lat' dir='ltr'>insequi</span> <span class='ocrx_word' id='word_1_201' title='bbox 959 1442 1159 1493; x_wconf 87' lang='lat' dir='ltr'>prudenter</span> <span class='ocrx_word' id='word_1_202' title='bbox 1181 1447 1293 1492; x_wconf 86' lang='lat' dir='ltr'>atque</span> <span class='ocrx_word' id='word_1_203' title='bbox 1318 1440 1462 1483; x_wconf 81' lang='lat' dir='ltr'>acriter,</span> <span class='ocrx_word' id='word_1_204' title='bbox 1483 1444 1520 1476; x_wconf 85' lang='lat' dir='ltr'>et</span> <span class='ocrx_word' id='word_1_205' title='bbox 1543 1450 1673 1489; x_wconf 83' lang='lat' dir='ltr'>urgere</span> 
     </span>
     <span class='ocr_line' id='line_1_21' title="bbox 98 1502 1674 1554; baseline -0.004 -10"><span class='ocrx_word' id='word_1_206' title='bbox 98 1508 285 1545; x_wconf 62' lang='lat' dir='ltr'>cedentes</span> <span class='ocrx_word' id='word_1_207' title='bbox 346 1506 407 1544; x_wconf 83' lang='lat' dir='ltr'>Ad</span> <span class='ocrx_word' id='word_1_208' title='bbox 430 1513 637 1544; x_wconf 80' lang='lat' dir='ltr'>extremum</span> <span class='ocrx_word' id='word_1_209' title='bbox 666 1507 805 1553; x_wconf 85' lang='lat' dir='ltr'>miseri,</span> <span class='ocrx_word' id='word_1_210' title='bbox 835 1519 919 1544; x_wconf 89' lang='lat' dir='ltr'>eum</span> <span class='ocrx_word' id='word_1_211' title='bbox 943 1505 1070 1543; x_wconf 82' lang='lat' dir='ltr'>hostes</span> <span class='ocrx_word' id='word_1_212' title='bbox 1100 1505 1244 1543; x_wconf 88' lang='lat' dir='ltr'>infestis</span> <span class='ocrx_word' id='word_1_213' title='bbox 1269 1503 1389 1554; x_wconf 88' lang='lat' dir='ltr'>signis</span> <span class='ocrx_word' id='word_1_214' title='bbox 1415 1502 1485 1540; x_wconf 86' lang='lat' dir='ltr'>sibi</span> <span class='ocrx_word' id='word_1_215' title='bbox 1507 1502 1674 1539; x_wconf 87' lang='lat' dir='ltr'>viderent</span> 
     </span>
     <span class='ocr_line' id='line_1_22' title="bbox 100 1566 1676 1622; baseline -0.004 -12"><span class='ocrx_word' id='word_1_216' title='bbox 100 1572 304 1616; x_wconf 85' lang='lat' dir='ltr'>imminere,</span> <span class='ocrx_word' id='word_1_217' title='bbox 330 1570 500 1609; x_wconf 88' lang='lat' dir='ltr'>homines</span> <span class='ocrx_word' id='word_1_218' title='bbox 530 1571 691 1622; x_wconf 88' lang='lat' dir='ltr'>imperiti</span> <span class='ocrx_word' id='word_1_219' title='bbox 717 1584 852 1617; x_wconf 88' lang='lat' dir='ltr'>rerum,</span> <span class='ocrx_word' id='word_1_220' title='bbox 882 1570 944 1621; x_wconf 90' lang='lat' dir='ltr'>qui</span> <span class='ocrx_word' id='word_1_221' title='bbox 975 1569 1125 1607; x_wconf 88' lang='lat' dir='ltr'>hostem</span> <span class='ocrx_word' id='word_1_222' title='bbox 1150 1581 1338 1620; x_wconf 87' lang='lat' dir='ltr'>nunquam</span> <span class='ocrx_word' id='word_1_223' title='bbox 1362 1567 1462 1618; x_wconf 86' lang='lat' dir='ltr'>prius</span> <span class='ocrx_word' id='word_1_224' title='bbox 1495 1566 1676 1611; x_wconf 87' lang='lat' dir='ltr'>viderant,</span> 
     </span>
     <span class='ocr_line' id='line_1_23' title="bbox 98 1631 1675 1686; baseline -0.004 -12"><span class='ocrx_word' id='word_1_225' title='bbox 98 1651 175 1676; x_wconf 90' lang='lat' dir='ltr'>non</span> <span class='ocrx_word' id='word_1_226' title='bbox 206 1637 286 1673; x_wconf 88' lang='lat' dir='ltr'>ausi</span> <span class='ocrx_word' id='word_1_227' title='bbox 318 1636 476 1686; x_wconf 82' lang='lat' dir='ltr'>experiri</span> <span class='ocrx_word' id='word_1_228' title='bbox 508 1635 697 1673; x_wconf 87' lang='lat' dir='ltr'>fortunam</span> <span class='ocrx_word' id='word_1_229' title='bbox 731 1635 830 1681; x_wconf 88' lang='lat' dir='ltr'>belli,</span> <span class='ocrx_word' id='word_1_230' title='bbox 864 1634 1021 1685; x_wconf 84' lang='lat' dir='ltr'>perculsi</span> <span class='ocrx_word' id='word_1_231' title='bbox 1054 1632 1283 1671; x_wconf 87' lang='lat' dir='ltr'>conscientia</span> <span class='ocrx_word' id='word_1_232' title='bbox 1315 1631 1477 1676; x_wconf 84' lang='lat' dir='ltr'>sceleris,</span> <span class='ocrx_word' id='word_1_233' title='bbox 1509 1636 1675 1668; x_wconf 85' lang='lat' dir='ltr'>amentes</span> 
     </span>
     <span class='ocr_line' id='line_1_24' title="bbox 99 1695 1677 1746; baseline -0.004 -7"><span class='ocrx_word' id='word_1_234' title='bbox 99 1708 137 1740; x_wconf 87' lang='lat' dir='ltr'>et</span> <span class='ocrx_word' id='word_1_235' title='bbox 166 1701 275 1746; x_wconf 81' lang='lat' dir='ltr'>eoeci,</span> <span class='ocrx_word' id='word_1_236' title='bbox 307 1701 512 1738; x_wconf 85' lang='lat' dir='ltr'>destituunt</span> <span class='ocrx_word' id='word_1_237' title='bbox 544 1700 748 1738; x_wconf 81' lang='lat' dir='ltr'>exercitum</span> <span class='ocrx_word' id='word_1_238' title='bbox 777 1699 856 1736; x_wconf 89' lang='lat' dir='ltr'>sine</span> <span class='ocrx_word' id='word_1_239' title='bbox 887 1699 993 1744; x_wconf 90' lang='lat' dir='ltr'>duce,</span> <span class='ocrx_word' id='word_1_240' title='bbox 1028 1703 1064 1735; x_wconf 92' lang='lat' dir='ltr'>et</span> <span class='ocrx_word' id='word_1_241' title='bbox 1095 1697 1233 1736; x_wconf 88' lang='lat' dir='ltr'>relictis</span> <span class='ocrx_word' id='word_1_242' title='bbox 1263 1696 1403 1741; x_wconf 85' lang='lat' dir='ltr'>eastris,</span> <span class='ocrx_word' id='word_1_243' title='bbox 1435 1695 1530 1733; x_wconf 78' lang='lat' dir='ltr'>clam</span> <span class='ocrx_word' id='word_1_244' title='bbox 1560 1700 1677 1733; x_wconf 87' lang='lat' dir='ltr'>noctu</span> 
     </span>
     <span class='ocr_line' id='line_1_25' title="bbox 99 1761 1674 1816; baseline -0.005 -12"><span class='ocrx_word' id='word_1_245' title='bbox 99 1779 183 1804; x_wconf 88' lang='lat' dir='ltr'>cum</span> <span class='ocrx_word' id='word_1_246' title='bbox 216 1765 346 1816; x_wconf 84' lang='lat' dir='ltr'>paucis</span> <span class='ocrx_word' id='word_1_247' title='bbox 378 1764 597 1815; x_wconf 69' lang='lat' dir='ltr'>profugiunt</span> <span class='ocrx_word' id='word_1_248' title='bbox 623 1764 661 1801; x_wconf 93' lang='lat' dir='ltr'>in</span> <span class='ocrx_word' id='word_1_249' title='bbox 696 1763 873 1801; x_wconf 82' lang='lat' dir='ltr'>Scotiam.</span> <span class='ocrx_word' id='word_1_250' title='bbox 930 1763 1059 1800; x_wconf 88' lang='lat' dir='ltr'>Habes</span> <span class='ocrx_word' id='word_1_251' title='bbox 1084 1761 1279 1799; x_wconf 85' lang='lat' dir='ltr'>historiam</span> <span class='ocrx_word' id='word_1_252' title='bbox 1307 1766 1517 1799; x_wconf 86' lang='lat' dir='ltr'>nostrarum</span> <span class='ocrx_word' id='word_1_253' title='bbox 1541 1772 1674 1805; x_wconf 88' lang='lat' dir='ltr'>rerum,</span> 
     </span>
     <span class='ocr_line' id='line_1_26' title="bbox 100 1824 1674 1882; baseline -0.004 -15"><span class='ocrx_word' id='word_1_254' title='bbox 100 1843 251 1882; x_wconf 86' lang='lat' dir='ltr'>quarum</span> <span class='ocrx_word' id='word_1_255' title='bbox 280 1830 338 1867; x_wconf 82' lang='lat' dir='ltr'>vel</span> <span class='ocrx_word' id='word_1_256' title='bbox 372 1829 586 1867; x_wconf 86' lang='lat' dir='ltr'>meminisse</span> <span class='ocrx_word' id='word_1_257' title='bbox 617 1842 693 1867; x_wconf 91' lang='lat' dir='ltr'>non</span> <span class='ocrx_word' id='word_1_258' title='bbox 727 1841 879 1878; x_wconf 88' lang='lat' dir='ltr'>possum</span> <span class='ocrx_word' id='word_1_259' title='bbox 910 1828 989 1865; x_wconf 90' lang='lat' dir='ltr'>sine</span> <span class='ocrx_word' id='word_1_260' title='bbox 1017 1827 1175 1865; x_wconf 88' lang='lat' dir='ltr'>rubore:</span> <span class='ocrx_word' id='word_1_261' title='bbox 1205 1825 1319 1877; x_wconf 90' lang='lat' dir='ltr'>pudet</span> <span class='ocrx_word' id='word_1_262' title='bbox 1346 1825 1446 1863; x_wconf 92' lang='lat' dir='ltr'>enim</span> <span class='ocrx_word' id='word_1_263' title='bbox 1475 1824 1586 1862; x_wconf 89' lang='lat' dir='ltr'>fuisse</span> <span class='ocrx_word' id='word_1_264' title='bbox 1607 1838 1674 1861; x_wconf 84' lang='lat' dir='ltr'>un·</span> 
     </span>
     <span class='ocr_line' id='line_1_27' title="bbox 100 1889 1676 1946; baseline -0.004 -14"><span class='ocrx_word' id='word_1_265' title='bbox 100 1908 208 1946; x_wconf 81' lang='lat' dir='ltr'>quam</span> <span class='ocrx_word' id='word_1_266' title='bbox 242 1894 278 1931; x_wconf 87' lang='lat' dir='ltr'>in</span> <span class='ocrx_word' id='word_1_267' title='bbox 312 1893 451 1945; x_wconf 84' lang='lat' dir='ltr'>Anglia</span> <span class='ocrx_word' id='word_1_268' title='bbox 481 1899 606 1931; x_wconf 87' lang='lat' dir='ltr'>nostra</span> <span class='ocrx_word' id='word_1_269' title='bbox 634 1894 692 1931; x_wconf 85' lang='lat' dir='ltr'>vel</span> <span class='ocrx_word' id='word_1_270' title='bbox 717 1899 793 1930; x_wconf 87' lang='lat' dir='ltr'>tam</span> <span class='ocrx_word' id='word_1_271' title='bbox 820 1893 974 1942; x_wconf 79' lang='lat' dir='ltr'>ignavos</span> <span class='ocrx_word' id='word_1_272' title='bbox 1002 1891 1059 1929; x_wconf 92' lang='lat' dir='ltr'>vel</span> <span class='ocrx_word' id='word_1_273' title='bbox 1088 1897 1167 1928; x_wconf 87' lang='lat' dir='ltr'>tam</span> <span class='ocrx_word' id='word_1_274' title='bbox 1191 1891 1325 1928; x_wconf 88' lang='lat' dir='ltr'>fatuos.</span> <span class='ocrx_word' id='word_1_275' title='bbox 1382 1889 1531 1939; x_wconf 83' lang='lat' dir='ltr'>Regina</span> <span class='ocrx_word' id='word_1_276' title='bbox 1548 1894 1676 1926; x_wconf 83' lang='lat' dir='ltr'>nostra</span> 
     </span>
     <span class='ocr_line' id='line_1_28' title="bbox 101 1953 1675 2010; baseline -0.003 -15"><span class='ocrx_word' id='word_1_277' title='bbox 101 1973 167 2010; x_wconf 86' lang='lat' dir='ltr'>per</span> <span class='ocrx_word' id='word_1_278' title='bbox 198 1972 303 1996; x_wconf 89' lang='lat' dir='ltr'>suum</span> <span class='ocrx_word' id='word_1_279' title='bbox 338 1965 521 1996; x_wconf 85' lang='lat' dir='ltr'>oratorem</span> <span class='ocrx_word' id='word_1_280' title='bbox 556 1958 690 2009; x_wconf 87' lang='lat' dir='ltr'>repetit</span> <span class='ocrx_word' id='word_1_281' title='bbox 723 1971 743 1994; x_wconf 91' lang='lat' dir='ltr'>e</span> <span class='ocrx_word' id='word_1_282' title='bbox 772 1957 900 1995; x_wconf 77' lang='lat' dir='ltr'>Scotia</span> <span class='ocrx_word' id='word_1_283' title='bbox 931 1956 1147 2007; x_wconf 83' lang='lat' dir='ltr'>perduelles.</span> <span class='ocrx_word' id='word_1_284' title='bbox 1204 1955 1299 1992; x_wconf 87' lang='lat' dir='ltr'>Sunt</span> <span class='ocrx_word' id='word_1_285' title='bbox 1330 1953 1401 1991; x_wconf 83' lang='lat' dir='ltr'>hoe</span> <span class='ocrx_word' id='word_1_286' title='bbox 1434 1959 1599 2005; x_wconf 87' lang='lat' dir='ltr'>tempore</span> <span class='ocrx_word' id='word_1_287' title='bbox 1636 1953 1675 1990; x_wconf 87' lang='lat' dir='ltr'>in</span> 
     </span>
     <span class='ocr_line' id='line_1_29' title="bbox 101 2017 1672 2072; baseline -0.005 -11"><span class='ocrx_word' id='word_1_288' title='bbox 101 2024 227 2062; x_wconf 83' lang='lat' dir='ltr'>Scotia</span> <span class='ocrx_word' id='word_1_289' title='bbox 248 2023 430 2060; x_wconf 85' lang='lat' dir='ltr'>factiones</span> <span class='ocrx_word' id='word_1_290' title='bbox 453 2022 550 2060; x_wconf 65' lang='lat' dir='ltr'>duze.</span> <span class='ocrx_word' id='word_1_291' title='bbox 607 2021 683 2060; x_wconf 82' lang='lat' dir='ltr'>Alii</span> <span class='ocrx_word' id='word_1_292' title='bbox 703 2022 801 2059; x_wconf 89' lang='lat' dir='ltr'>enim</span> <span class='ocrx_word' id='word_1_293' title='bbox 820 2033 949 2072; x_wconf 87' lang='lat' dir='ltr'>puram</span> <span class='ocrx_word' id='word_1_294' title='bbox 972 2020 1192 2070; x_wconf 82' lang='lat' dir='ltr'>religionem</span> <span class='ocrx_word' id='word_1_295' title='bbox 1217 2025 1254 2057; x_wconf 90' lang='lat' dir='ltr'>et</span> <span class='ocrx_word' id='word_1_296' title='bbox 1277 2017 1507 2067; x_wconf 75' lang='lat' dir='ltr'>evangelium</span> <span class='ocrx_word' id='word_1_297' title='bbox 1532 2018 1672 2061; x_wconf 90' lang='lat' dir='ltr'>colunt,</span> 
     </span>
     <span class='ocr_line' id='line_1_30' title="bbox 101 2081 1673 2140; baseline -0.006 -12"><span class='ocrx_word' id='word_1_298' title='bbox 101 2096 140 2128; x_wconf 87' lang='lat' dir='ltr'>et</span> <span class='ocrx_word' id='word_1_299' title='bbox 166 2088 330 2140; x_wconf 88' lang='lat' dir='ltr'>pendent</span> <span class='ocrx_word' id='word_1_300' title='bbox 358 2100 380 2124; x_wconf 88' lang='lat' dir='ltr'>a</span> <span class='ocrx_word' id='word_1_301' title='bbox 407 2087 537 2132; x_wconf 79' lang='lat' dir='ltr'>nobis3</span> <span class='ocrx_word' id='word_1_302' title='bbox 568 2087 630 2124; x_wconf 84' lang='lat' dir='ltr'>alii</span> <span class='ocrx_word' id='word_1_303' title='bbox 658 2086 856 2124; x_wconf 89' lang='lat' dir='ltr'>abhorrent</span> <span class='ocrx_word' id='word_1_304' title='bbox 886 2099 908 2122; x_wconf 85' lang='lat' dir='ltr'>a</span> <span class='ocrx_word' id='word_1_305' title='bbox 931 2085 1082 2135; x_wconf 82' lang='lat' dir='ltr'>pietate,</span> <span class='ocrx_word' id='word_1_306' title='bbox 1108 2090 1146 2121; x_wconf 88' lang='lat' dir='ltr'>et</span> <span class='ocrx_word' id='word_1_307' title='bbox 1169 2083 1336 2135; x_wconf 88' lang='lat' dir='ltr'>papismo</span> <span class='ocrx_word' id='word_1_308' title='bbox 1357 2082 1482 2134; x_wconf 87' lang='lat' dir='ltr'>potius</span> <span class='ocrx_word' id='word_1_309' title='bbox 1512 2081 1673 2127; x_wconf 88' lang='lat' dir='ltr'>student,</span> 
     </span>
     <span class='ocr_line' id='line_1_31' title="bbox 102 2145 1677 2200; baseline -0.006 -8"><span class='ocrx_word' id='word_1_310' title='bbox 102 2161 140 2194; x_wconf 83' lang='lat' dir='ltr'>et</span> <span class='ocrx_word' id='word_1_311' title='bbox 167 2152 347 2191; x_wconf 81' lang='lat' dir='ltr'>inclinant</span> <span class='ocrx_word' id='word_1_312' title='bbox 371 2151 417 2188; x_wconf 89' lang='lat' dir='ltr'>ad</span> <span class='ocrx_word' id='word_1_313' title='bbox 444 2151 604 2189; x_wconf 83' lang='lat' dir='ltr'>Gallum.</span> <span class='ocrx_word' id='word_1_314' title='bbox 664 2150 812 2188; x_wconf 90' lang='lat' dir='ltr'>Horum</span> <span class='ocrx_word' id='word_1_315' title='bbox 835 2149 1006 2200; x_wconf 88' lang='lat' dir='ltr'>princeps</span> <span class='ocrx_word' id='word_1_316' title='bbox 1033 2154 1088 2186; x_wconf 82' lang='lat' dir='ltr'>est</span> <span class='ocrx_word' id='word_1_317' title='bbox 1117 2148 1193 2185; x_wconf 81' lang='lat' dir='ltr'>dux</span> <span class='ocrx_word' id='word_1_318' title='bbox 1226 2146 1502 2191; x_wconf 78' lang='lat' dir='ltr'>HameltoniuS,</span> <span class='ocrx_word' id='word_1_319' title='bbox 1531 2146 1598 2191; x_wconf 89' lang='lat' dir='ltr'>vir,</span> <span class='ocrx_word' id='word_1_320' title='bbox 1623 2145 1677 2183; x_wconf 85' lang='lat' dir='ltr'>uti</span> 
     </span>
     <span class='ocr_line' id='line_1_32' title="bbox 104 2211 1676 2267; baseline -0.006 -11"><span class='ocrx_word' id='word_1_321' title='bbox 104 2219 220 2262; x_wconf 81' lang='lat' dir='ltr'>aiunt,</span> <span class='ocrx_word' id='word_1_322' title='bbox 251 2217 402 2254; x_wconf 90' lang='lat' dir='ltr'>nomine</span> <span class='ocrx_word' id='word_1_323' title='bbox 434 2216 555 2267; x_wconf 70' lang='lat' dir='ltr'>magis</span> <span class='ocrx_word' id='word_1_324' title='bbox 588 2215 705 2253; x_wconf 92' lang='lat' dir='ltr'>multo</span> <span class='ocrx_word' id='word_1_325' title='bbox 737 2214 894 2265; x_wconf 85' lang='lat' dir='ltr'>pollens,</span> <span class='ocrx_word' id='word_1_326' title='bbox 929 2225 1039 2264; x_wconf 89' lang='lat' dir='ltr'>quam</span> <span class='ocrx_word' id='word_1_327' title='bbox 1075 2212 1244 2251; x_wconf 86' lang='lat' dir='ltr'>consilio.</span> <span class='ocrx_word' id='word_1_328' title='bbox 1313 2211 1473 2261; x_wconf 79' lang='lat' dir='ltr'>Cogitur</span> <span class='ocrx_word' id='word_1_329' title='bbox 1504 2216 1676 2255; x_wconf 85' lang='lat' dir='ltr'>senatus;</span> 
     </span>
     <span class='ocr_line' id='line_1_33' title="bbox 105 2274 1673 2333; baseline -0.004 -13"><span class='ocrx_word' id='word_1_330' title='bbox 105 2288 267 2333; x_wconf 68' lang='lat' dir='ltr'>emptum</span> <span class='ocrx_word' id='word_1_331' title='bbox 306 2287 363 2318; x_wconf 81' lang='lat' dir='ltr'>est</span> <span class='ocrx_word' id='word_1_332' title='bbox 401 2280 614 2317; x_wconf 86' lang='lat' dir='ltr'>deliberari:</span> <span class='ocrx_word' id='word_1_333' title='bbox 651 2279 767 2316; x_wconf 86' lang='lat' dir='ltr'>nostri</span> <span class='ocrx_word' id='word_1_334' title='bbox 804 2278 1012 2316; x_wconf 88' lang='lat' dir='ltr'>reddendos</span> <span class='ocrx_word' id='word_1_335' title='bbox 1046 2282 1210 2321; x_wconf 84' lang='lat' dir='ltr'>censent,</span> <span class='ocrx_word' id='word_1_336' title='bbox 1250 2274 1483 2313; x_wconf 84' lang='lat' dir='ltr'>Hameltonii</span> <span class='ocrx_word' id='word_1_337' title='bbox 1519 2282 1673 2326; x_wconf 82' lang='lat' dir='ltr'>negant.</span> 
     </span>
     <span class='ocr_line' id='line_1_34' title="bbox 100 2340 1672 2395; baseline -0.004 -11"><span class='ocrx_word' id='word_1_338' title='bbox 100 2348 264 2384; x_wconf 67' lang='lat' dir='ltr'>Vincunt</span> <span class='ocrx_word' id='word_1_339' title='bbox 296 2351 484 2395; x_wconf 81' lang='lat' dir='ltr'>postremo</span> <span class='ocrx_word' id='word_1_340' title='bbox 520 2343 761 2382; x_wconf 86' lang='lat' dir='ltr'>Hameltonii.</span> <span class='ocrx_word' id='word_1_341' title='bbox 818 2341 946 2380; x_wconf 89' lang='lat' dir='ltr'>Nostri</span> <span class='ocrx_word' id='word_1_342' title='bbox 980 2341 1215 2392; x_wconf 82' lang='lat' dir='ltr'>impatientes</span> <span class='ocrx_word' id='word_1_343' title='bbox 1247 2340 1393 2390; x_wconf 75' lang='lat' dir='ltr'>injuriae</span> <span class='ocrx_word' id='word_1_344' title='bbox 1429 2347 1573 2377; x_wconf 84' lang='lat' dir='ltr'>armant</span> <span class='ocrx_word' id='word_1_345' title='bbox 1604 2341 1672 2378; x_wconf 81' lang='lat' dir='ltr'>mi-</span> 
     </span>
     <span class='ocr_line' id='line_1_35' title="bbox 101 2404 1672 2459; baseline -0.003 -11"><span class='ocrx_word' id='word_1_346' title='bbox 101 2411 219 2454; x_wconf 87' lang='lat' dir='ltr'>litem,</span> <span class='ocrx_word' id='word_1_347' title='bbox 251 2417 289 2447; x_wconf 87' lang='lat' dir='ltr'>et</span> <span class='ocrx_word' id='word_1_348' title='bbox 310 2410 347 2446; x_wconf 89' lang='lat' dir='ltr'>in</span> <span class='ocrx_word' id='word_1_349' title='bbox 372 2409 533 2447; x_wconf 86' lang='lat' dir='ltr'>mediam</span> <span class='ocrx_word' id='word_1_350' title='bbox 565 2421 679 2459; x_wconf 88' lang='lat' dir='ltr'>usque</span> <span class='ocrx_word' id='word_1_351' title='bbox 709 2407 894 2459; x_wconf 79' lang='lat' dir='ltr'>progressi</span> <span class='ocrx_word' id='word_1_352' title='bbox 922 2406 1099 2451; x_wconf 85' lang='lat' dir='ltr'>Scotiam,</span> <span class='ocrx_word' id='word_1_353' title='bbox 1125 2404 1273 2444; x_wconf 90' lang='lat' dir='ltr'>nemine</span> <span class='ocrx_word' id='word_1_354' title='bbox 1298 2413 1544 2455; x_wconf 79' lang='lat' dir='ltr'>repugnante,</span> <span class='ocrx_word' id='word_1_355' title='bbox 1570 2419 1672 2443; x_wconf 87' lang='lat' dir='ltr'>arces</span> 
     </span>
     <span class='ocr_line' id='line_1_36' title="bbox 102 2469 1673 2525; baseline -0.004 -13"><span class='ocrx_word' id='word_1_356' title='bbox 102 2474 310 2525; x_wconf 83' lang='lat' dir='ltr'>oppidaque</span> <span class='ocrx_word' id='word_1_357' title='bbox 338 2474 441 2511; x_wconf 80' lang='lat' dir='ltr'>ducis</span> <span class='ocrx_word' id='word_1_358' title='bbox 478 2472 709 2511; x_wconf 73' lang='lat' dir='ltr'>Ilanieltonii</span> <span class='ocrx_word' id='word_1_359' title='bbox 739 2471 865 2508; x_wconf 90' lang='lat' dir='ltr'>hostili</span> <span class='ocrx_word' id='word_1_360' title='bbox 893 2483 995 2508; x_wconf 89' lang='lat' dir='ltr'>more</span> <span class='ocrx_word' id='word_1_361' title='bbox 1024 2471 1255 2520; x_wconf 87' lang='lat' dir='ltr'>populantur.</span> <span class='ocrx_word' id='word_1_362' title='bbox 1334 2469 1462 2507; x_wconf 87' lang='lat' dir='ltr'>Nostri</span> <span class='ocrx_word' id='word_1_363' title='bbox 1491 2482 1577 2507; x_wconf 86' lang='lat' dir='ltr'>vero</span> <span class='ocrx_word' id='word_1_364' title='bbox 1610 2470 1673 2515; x_wconf 82' lang='lat' dir='ltr'>illi,</span> 
     </span>
     <span class='ocr_line' id='line_1_37' title="bbox 101 2533 1673 2589; baseline -0.003 -13"><span class='ocrx_word' id='word_1_365' title='bbox 101 2553 194 2589; x_wconf 84' lang='lat' dir='ltr'>quos</span> <span class='ocrx_word' id='word_1_366' title='bbox 221 2538 312 2582; x_wconf 73' lang='lat' dir='ltr'>dixi,</span> <span class='ocrx_word' id='word_1_367' title='bbox 341 2538 481 2587; x_wconf 69' lang='lat' dir='ltr'>egregii</span> <span class='ocrx_word' id='word_1_368' title='bbox 512 2537 718 2580; x_wconf 88' lang='lat' dir='ltr'>bellatores,</span> <span class='ocrx_word' id='word_1_369' title='bbox 750 2548 836 2573; x_wconf 88' lang='lat' dir='ltr'>eum</span> <span class='ocrx_word' id='word_1_370' title='bbox 861 2548 900 2572; x_wconf 88' lang='lat' dir='ltr'>se</span> <span class='ocrx_word' id='word_1_371' title='bbox 925 2535 963 2573; x_wconf 92' lang='lat' dir='ltr'>in</span> <span class='ocrx_word' id='word_1_372' title='bbox 992 2534 1120 2572; x_wconf 86' lang='lat' dir='ltr'>Scotia</span> <span class='ocrx_word' id='word_1_373' title='bbox 1145 2540 1269 2570; x_wconf 88' lang='lat' dir='ltr'>tenere</span> <span class='ocrx_word' id='word_1_374' title='bbox 1298 2533 1455 2584; x_wconf 89' lang='lat' dir='ltr'>amplius</span> <span class='ocrx_word' id='word_1_375' title='bbox 1481 2546 1558 2571; x_wconf 89' lang='lat' dir='ltr'>non</span> <span class='ocrx_word' id='word_1_376' title='bbox 1589 2547 1673 2585; x_wconf 86' lang='lat' dir='ltr'>pos-</span> 
     </span>
     <span class='ocr_line' id='line_1_38' title="bbox 105 2597 1674 2653; baseline -0.004 -12"><span class='ocrx_word' id='word_1_377' title='bbox 105 2609 199 2648; x_wconf 84' lang='lat' dir='ltr'>sent,</span> <span class='ocrx_word' id='word_1_378' title='bbox 238 2602 480 2653; x_wconf 81' lang='lat' dir='ltr'>profugerunt</span> <span class='ocrx_word' id='word_1_379' title='bbox 509 2601 547 2638; x_wconf 87' lang='lat' dir='ltr'>in</span> <span class='ocrx_word' id='word_1_380' title='bbox 582 2600 803 2639; x_wconf 89' lang='lat' dir='ltr'>Flandriam.</span> <span class='ocrx_word' id='word_1_381' title='bbox 872 2599 928 2637; x_wconf 92' lang='lat' dir='ltr'>Ibi</span> <span class='ocrx_word' id='word_1_382' title='bbox 961 2612 1060 2637; x_wconf 88' lang='lat' dir='ltr'>nunc</span> <span class='ocrx_word' id='word_1_383' title='bbox 1090 2597 1237 2637; x_wconf 77' lang='lat' dir='ltr'>haerent</span> <span class='ocrx_word' id='word_1_384' title='bbox 1267 2598 1364 2649; x_wconf 89' lang='lat' dir='ltr'>apud</span> <span class='ocrx_word' id='word_1_385' title='bbox 1401 2598 1531 2636; x_wconf 87' lang='lat' dir='ltr'>ducem</span> <span class='ocrx_word' id='word_1_386' title='bbox 1559 2597 1674 2636; x_wconf 82' lang='lat' dir='ltr'>Alba-</span> 
     </span>
     <span class='ocr_line' id='line_1_39' title="bbox 102 2667 973 2716; baseline -0.005 -11"><span class='ocrx_word' id='word_1_387' title='bbox 102 2681 203 2712; x_wconf 89' lang='lat' dir='ltr'>num,</span> <span class='ocrx_word' id='word_1_388' title='bbox 234 2673 271 2705; x_wconf 86' lang='lat' dir='ltr'>et</span> <span class='ocrx_word' id='word_1_389' title='bbox 300 2667 569 2704; x_wconf 84' lang='lat' dir='ltr'>tumultuantur</span> <span class='ocrx_word' id='word_1_390' title='bbox 600 2671 777 2716; x_wconf 87' lang='lat' dir='ltr'>quantum</span> <span class='ocrx_word' id='word_1_391' title='bbox 807 2669 973 2716; x_wconf 86' lang='lat' dir='ltr'>possunt.</span> 
     </span>
    </p>

    <p class='ocr_par' dir='ltr' id='par_1_4' title="bbox 109 2728 1682 3041">
     <span class='ocr_line' id='line_1_40' title="bbox 187 2728 1677 2779; baseline -0.001 -10"><span class='ocrx_word' id='word_1_392' title='bbox 187 2732 329 2769; x_wconf 87' lang='lat' dir='ltr'>Omnes</span> <span class='ocrx_word' id='word_1_393' title='bbox 363 2731 451 2768; x_wconf 87' lang='lat' dir='ltr'>istas</span> <span class='ocrx_word' id='word_1_394' title='bbox 488 2730 612 2767; x_wconf 89' lang='lat' dir='ltr'>turbas</span> <span class='ocrx_word' id='word_1_395' title='bbox 648 2729 756 2767; x_wconf 87' lang='lat' dir='ltr'>nobis</span> <span class='ocrx_word' id='word_1_396' title='bbox 789 2729 889 2766; x_wconf 86' lang='lat' dir='ltr'>dedit</span> <span class='ocrx_word' id='word_1_397' title='bbox 925 2728 1180 2766; x_wconf 82' lang='lat' dir='ltr'>sanctissimus</span> <span class='ocrx_word' id='word_1_398' title='bbox 1212 2733 1326 2779; x_wconf 85' lang='lat' dir='ltr'>pater.</span> <span class='ocrx_word' id='word_1_399' title='bbox 1397 2728 1434 2766; x_wconf 92' lang='lat' dir='ltr'>Is</span> <span class='ocrx_word' id='word_1_400' title='bbox 1474 2728 1574 2766; x_wconf 86' lang='lat' dir='ltr'>enim</span> <span class='ocrx_word' id='word_1_401' title='bbox 1609 2742 1677 2779; x_wconf 90' lang='lat' dir='ltr'>pro</span> 
     </span>
     <span class='ocr_line' id='line_1_41' title="bbox 113 2792 1677 2844; baseline -0.002 -10"><span class='ocrx_word' id='word_1_402' title='bbox 113 2810 178 2834; x_wconf 83' lang='lat' dir='ltr'>sua</span> <span class='ocrx_word' id='word_1_403' title='bbox 207 2796 402 2834; x_wconf 85' lang='lat' dir='ltr'>sanctitate</span> <span class='ocrx_word' id='word_1_404' title='bbox 433 2801 469 2832; x_wconf 91' lang='lat' dir='ltr'>et</span> <span class='ocrx_word' id='word_1_405' title='bbox 499 2794 682 2844; x_wconf 83' lang='lat' dir='ltr'>sapientia</span> <span class='ocrx_word' id='word_1_406' title='bbox 710 2793 930 2831; x_wconf 86' lang='lat' dir='ltr'>submiserat</span> <span class='ocrx_word' id='word_1_407' title='bbox 959 2794 998 2831; x_wconf 86' lang='lat' dir='ltr'>in</span> <span class='ocrx_word' id='word_1_408' title='bbox 1028 2792 1205 2844; x_wconf 87' lang='lat' dir='ltr'>Angliam</span> <span class='ocrx_word' id='word_1_409' title='bbox 1236 2793 1281 2830; x_wconf 86' lang='lat' dir='ltr'>ad</span> <span class='ocrx_word' id='word_1_410' title='bbox 1310 2805 1396 2830; x_wconf 89' lang='lat' dir='ltr'>suos</span> <span class='ocrx_word' id='word_1_411' title='bbox 1428 2793 1561 2830; x_wconf 90' lang='lat' dir='ltr'>bullam</span> <span class='ocrx_word' id='word_1_412' title='bbox 1597 2794 1677 2843; x_wconf 88' lang='lat' dir='ltr'>(au-</span> 
     </span>
     <span class='ocr_line' id='line_1_42' title="bbox 110 2857 1682 2911; baseline -0.001 -13"><span class='ocrx_word' id='word_1_413' title='bbox 110 2873 258 2899; x_wconf 85' lang='lat' dir='ltr'>reamne</span> <span class='ocrx_word' id='word_1_414' title='bbox 278 2861 399 2898; x_wconf 88' lang='lat' dir='ltr'>dicam</span> <span class='ocrx_word' id='word_1_415' title='bbox 419 2874 464 2897; x_wconf 87' lang='lat' dir='ltr'>an</span> <span class='ocrx_word' id='word_1_416' title='bbox 490 2859 697 2911; x_wconf 84' lang='lat' dir='ltr'>plumbeam</span> <span class='ocrx_word' id='word_1_417' title='bbox 712 2857 747 2909; x_wconf 72' lang='lat'>2)</span> <span class='ocrx_word' id='word_1_418' title='bbox 777 2859 905 2909; x_wconf 81' lang='lat' dir='ltr'>magni</span> <span class='ocrx_word' id='word_1_419' title='bbox 929 2859 1112 2909; x_wconf 91' lang='lat' dir='ltr'>ponderis.</span> <span class='ocrx_word' id='word_1_420' title='bbox 1169 2857 1224 2894; x_wconf 86' lang='lat' dir='ltr'>Ea</span> <span class='ocrx_word' id='word_1_421' title='bbox 1249 2869 1394 2894; x_wconf 89' lang='lat' dir='ltr'>menses</span> <span class='ocrx_word' id='word_1_422' title='bbox 1420 2857 1562 2907; x_wconf 88' lang='lat' dir='ltr'>aliquot</span> <span class='ocrx_word' id='word_1_423' title='bbox 1585 2858 1682 2896; x_wconf 87' lang='lat' dir='ltr'>inter</span> 
     </span>
     <span class='ocr_line' id='line_1_43' title="bbox 115 2920 1682 2975; baseline -0.003 -13"><span class='ocrx_word' id='word_1_424' title='bbox 115 2937 253 2975; x_wconf 85' lang='lat' dir='ltr'>paucos</span> <span class='ocrx_word' id='word_1_425' title='bbox 271 2924 426 2962; x_wconf 83' lang='lat' dir='ltr'>obscure</span> <span class='ocrx_word' id='word_1_426' title='bbox 445 2924 639 2962; x_wconf 86' lang='lat' dir='ltr'>serebatur.</span> <span class='ocrx_word' id='word_1_427' title='bbox 696 2923 938 2972; x_wconf 79' lang='lat' dir='ltr'>Signifieabat</span> <span class='ocrx_word' id='word_1_428' title='bbox 961 2922 1131 2959; x_wconf 76' lang='lat' dir='ltr'>videlieet</span> <span class='ocrx_word' id='word_1_429' title='bbox 1149 2921 1268 2958; x_wconf 86' lang='lat' dir='ltr'>bonus</span> <span class='ocrx_word' id='word_1_430' title='bbox 1293 2928 1407 2972; x_wconf 71' lang='lat' dir='ltr'>pater,</span> <span class='ocrx_word' id='word_1_431' title='bbox 1427 2920 1682 2959; x_wconf 86' lang='lat' dir='ltr'>Elizabetbam</span> 
     </span>
     <span class='ocr_line' id='line_1_44' title="bbox 109 2985 1682 3041; baseline -0.002 -15"><span class='ocrx_word' id='word_1_432' title='bbox 109 2988 283 3039; x_wconf 80' lang='lat' dir='ltr'>reginam</span> <span class='ocrx_word' id='word_1_433' title='bbox 308 2989 462 3041; x_wconf 71' lang='lat' dir='ltr'>Angliae</span> <span class='ocrx_word' id='word_1_434' title='bbox 488 3001 563 3026; x_wconf 92' lang='lat' dir='ltr'>non</span> <span class='ocrx_word' id='word_1_435' title='bbox 590 3000 692 3033; x_wconf 81' lang='lat' dir='ltr'>esse3</span> <span class='ocrx_word' id='word_1_436' title='bbox 720 2986 790 3025; x_wconf 85' lang='lat' dir='ltr'>sibi</span> <span class='ocrx_word' id='word_1_437' title='bbox 809 2987 907 3025; x_wconf 86' lang='lat' dir='ltr'>enim</span> <span class='ocrx_word' id='word_1_438' title='bbox 934 2986 1032 3025; x_wconf 83' lang='lat' dir='ltr'>illius</span> <span class='ocrx_word' id='word_1_439' title='bbox 1063 2985 1231 3030; x_wconf 79' lang='lat' dir='ltr'>instituta</span> <span class='ocrx_word' id='word_1_440' title='bbox 1261 2998 1337 3024; x_wconf 90' lang='lat' dir='ltr'>non</span> <span class='ocrx_word' id='word_1_441' title='bbox 1363 2985 1527 3038; x_wconf 80' lang='lat' dir='ltr'>plaeere:</span> <span class='ocrx_word' id='word_1_442' title='bbox 1557 2986 1682 3037; x_wconf 86' lang='lat' dir='ltr'>itaque</span> 
     </span>
    </p>
   </div>
  </div>
 </body>
</html>
