1845 3233
112 156 242 213 κους]
581 173 634 199 AD
664 174 875 202 HENRICUM
907 175 1204 204 BULLINGERUM.
1588 167 1666 207 151

106 288 209 338 Opto
243 288 368 326 omnia
395 288 608 327 felicissima
634 290 762 328 vestris
795 291 1018 337 consulibus,
1051 294 1295 341 senatoribus,
1334 295 1668 343 concionatoribus,

108 351 258 397 civibus,
291 358 329 389 et
357 352 425 390 toti
456 353 588 391 ditioni
613 354 816 405 Tigurinae.

181 416 309 454 Saluta
343 430 428 455 meo
462 418 613 456 nomine
646 424 731 457 tuos
760 419 867 465 filios,
906 420 1124 467 Henrieurn,
1153 422 1404 474 Rodolphum,
1439 429 1477 462 et
1505 425 1667 472 tertium,

104 481 207 531 eujus
240 493 376 519 nomen
405 482 488 520 dedi
517 483 705 528 oblivioni,
730 489 812 521 tuas
842 484 934 522 filias
964 486 1168 524 Veritatem
1198 492 1237 523 et
1267 487 1510 535 Dorotheam,
1538 490 1668 528 Simle-

104 557 196 590 rum,
217 545 448 591 Lavaterum,
465 547 690 598 Zuinglium,
710 552 793 584 tuos
812 561 979 599 generos,
995 549 1226 600 Wolphium,
1245 551 1449 598 Hallerum‚
1464 553 1664 599 Wickium‚

104 608 406 656 Froschoverum,
425 611 448 648 J
453 611 578 657 ulium,
597 612 620 650 J
623 611 809 649 ohannem
836 612 1041 652 Henricum
1061 614 1283 661 Fabricium,
1304 621 1341 652 et
1360 623 1501 656 eeteros
1526 631 1668 657 omnes·

102 673 191 712 Mea
216 675 477 713 valetudinaria
501 681 551 722 te,
581 681 675 720 tuos,
701 681 795 721 tuas,
823 682 861 713 et
882 690 1011 715 omnes
1031 678 1175 716 salutat.
1216 679 1380 730 Raptim.
1433 681 1664 729 Ludhamiae‚

104 739 150 774 10
177 738 353 790 Augusti,
384 742 496 778 1571.
553 738 689 778 Cetera
715 740 842 778 omnia
868 754 914 779 ex
940 742 1058 781 literis
1087 743 1253 782 Gualteri
1281 744 1412 782 disces.

1138 819 1251 865 Tuus,

944 893 967 930 J
972 893 1018 931 O.
1059 891 1467 944 PARKHURSTUS‚
1511 899 1558 937 N.

472 967 730 993 INSCRIPTIO.

182 1019 398 1060 Clarissimo
427 1022 507 1059 viro
527 1021 574 1058 D.
597 1021 766 1057 Henrz'co
786 1021 1023 1069 Bullingero,

509 1085 543 1123 T
543 1080 657 1135 igurz‘.

690 1323 984 1366 EPISTOLA
1025 1326 1072 1367 O.

180 1494 446 1526 EDMUNDUS
477 1494 788 1527 GRINDALLUS
817 1497 885 1528 AD
917 1496 1174 1529 HENRICUM
1206 1497 1574 1531 BULLINGERUM.

172 1564 375 1602 SALUTEM
404 1564 443 1602 in
472 1563 633 1603 Christo.
692 1565 834 1603 Literas
864 1571 946 1604 tuas
974 1568 1023 1603 25
1052 1567 1157 1605 Febr.
1185 1567 1288 1605 datas
1309 1581 1408 1606 anno
1438 1571 1550 1615 1571,
1584 1583 1658 1609 non

94 1629 221 1680 accepi
252 1635 338 1667 ante
370 1631 420 1665 25
447 1628 610 1680 Augusti
636 1630 801 1680 proxime
831 1631 956 1681 elapsi.
997 1630 1138 1682 Accepi
1168 1631 1278 1669 etiam
1300 1645 1374 1669 una
1401 1632 1658 1673 refutationem

94 1694 204 1733 bullae
236 1693 376 1744 papalis
408 1693 695 1744 manuscriptam
728 1700 766 1731 et
799 1695 1079 1745 responsionem
1116 1695 1162 1732 ad
1202 1701 1465 1737 testamentum
1501 1698 1656 1737 Brentii.

94 1759 214 1797 Miror
243 1758 437 1796 Brentium
459 1763 536 1796 tam
554 1758 775 1796 virulentum
799 1764 1069 1797 testamentum
1093 1765 1179 1810 post
1202 1773 1241 1797 se
1264 1761 1467 1813 relinquere
1486 1763 1654 1802 voluisse.

93 1824 223 1861 Vestra
248 1823 553 1874 sanenresponsio
576 1829 613 1861 et
634 1823 802 1861 modesta
824 1829 880 1861 est
908 1829 945 1862 et
970 1824 1043 1876 pia.
1101 1824 1224 1863 Bullae
1248 1826 1423 1865 refutatio
1440 1826 1600 1878 Anglice
1620 1833 1658 1865 et

94 1888 226 1927 Latine
256 1888 437 1938 impressa
465 1892 544 1932 est;
581 1888 684 1938 cujus
709 1888 820 1926 etiam
854 1888 994 1940 aliquot
1022 1890 1246 1940 exemplaria
1274 1891 1451 1942 impressa
1481 1893 1590 1930 credo
1617 1898 1655 1930 te

89 1952 244 1992 antehae
273 1952 470 2002 accepisse.

167 2017 330 2068 Agimus
347 2029 434 2053 vero
453 2022 530 2053 tuac
555 2016 684 2067 pietati
704 2018 853 2068 gratias,
881 2018 979 2068 quod
998 2023 1206 2056 nostrarum
1222 2020 1455 2058 ecclesiarum
1473 2027 1550 2059 tam
1568 2022 1652 2060 soli-

89 2083 201 2121 citam
220 2094 342 2119 curam
362 2081 470 2131 geris.
528 2080 712 2125 Quisnam
730 2094 815 2120 vero
834 2081 944 2120 fuerit
965 2087 1051 2133 post
1073 2095 1193 2120 meam
1212 2082 1283 2121 huc
1307 2086 1652 2136 commigrationem

87 2159 205 2186 rerum
230 2158 395 2184 mearum
425 2151 553 2191 status,
582 2145 708 2196 paucis
732 2146 868 2197 accipe.
923 2146 1048 2184 Primo
1073 2145 1237 2198 Augusti
1266 2150 1364 2186 1570
1385 2150 1558 2188 Londino
1579 2151 1652 2189 dis-

88 2212 182 2251 cessi
199 2225 205 2249 :
235 2211 347 2249 biduo
365 2216 450 2262 post
467 2210 504 2248 in
520 2211 601 2261 ipso
622 2210 750 2248 itinere
771 2223 816 2248 ex
835 2211 1048 2248 lassitudine
1068 2210 1176 2263 (quia
1195 2213 1406 2263 equitando,
1425 2215 1511 2252 (lum
1531 2229 1648 2253 essem

89 2276 260 2322 Londini,
285 2290 362 2314 non
390 2274 639 2327 assueveram)
666 2275 704 2313 in
732 2275 861 2313 febrim
887 2275 1085 2313 tertianam
1106 2276 1231 2323 incidi,
1256 2283 1294 2314 et
1315 2291 1358 2315 ea
1389 2279 1433 2316 de
1456 2293 1565 2317 eausa
1587 2294 1651 2331 per

88 2343 216 2380 decem
235 2341 313 2379 dies
332 2341 370 2378 in
389 2341 511 2378 medio
541 2341 669 2377 itinere
695 2340 911 2379 decumbere
936 2346 1086 2378 coactus
1109 2340 1174 2378 fui.
1229 2342 1397 2380 Tandem
1420 2346 1464 2380 17
1485 2344 1649 2396 Augusti

86 2407 168 2446 veni
187 2405 400 2449 Cawodam,
431 2405 493 2443 ubi
519 2405 618 2442 aedes
641 2405 758 2443 habeo
777 2405 823 2443 ad
840 2406 956 2456 ripam
977 2405 1093 2444 Ousae
1114 2405 1288 2453 fluminis,
1312 2408 1471 2458 septimo
1490 2409 1535 2447 ab
1560 2411 1648 2448 urbe

88 2472 220 2522 lapide,
239 2470 342 2515 febri,
371 2475 412 2506 ut
437 2475 567 2520 postea
594 2476 746 2507 eventus
774 2470 912 2515 docuit,
939 2483 1014 2508 non
1043 2470 1132 2508 satis
1160 2471 1252 2509 bene
1279 2478 1414 2510 curata.
1470 2473 1566 2512 Nam
1594 2489 1649 2514 se-

86 2537 205 2576 eundo
224 2535 447 2585 Septembris
471 2535 697 2585 insequentis
718 2535 755 2571 in
771 2535 883 2572 aliam
908 2535 1161 2586 gravissimam
1183 2541 1220 2573 et
1243 2536 1491 2576 acutissimam
1516 2540 1645 2580 febrim

86 2601 209 2645 incidi,
238 2612 325 2650 quac
345 2611 403 2636 me
425 2612 534 2649 supra
550 2599 698 2636 modiun
718 2599 934 2645 debilitavit,
964 2601 1016 2637 ita
1033 2605 1074 2637 ut
1091 2613 1166 2638 non
1184 2600 1303 2638 solum
1323 2602 1455 2640 medici
1480 2609 1518 2641 et
1535 2607 1645 2645 amici

85 2666 130 2704 de
156 2665 233 2703 vita
259 2677 342 2702 mea
368 2663 652 2713 desperaverint,
681 2663 744 2701 sed
769 2669 806 2700 et
827 2664 905 2714 ipse
924 2664 1035 2701 etiam
1055 2664 1274 2702 sententiam
1291 2666 1418 2704 mortis
1436 2667 1474 2705 in
1493 2676 1644 2708 memet-

85 2731 166 2781 ipso
184 2728 402 2780 acceperim.
457 2727 529 2765 Sed
549 2727 746 2773 Dominus,
772 2728 832 2778 qui
855 2729 1055 2766 mortificat
1073 2734 1111 2766 et
1128 2728 1299 2775 vivificat,
1327 2729 1382 2782 (vi
1401 2733 1520 2771 morbi
1544 2736 1645 2785 paul-

84 2795 187 2832 latim
205 2794 450 2837 decrescente,
468 2792 531 2829 sed
548 2797 671 2829 tamen
690 2793 755 2837 ita,
774 2798 815 2830 ut
830 2806 895 2844 per
910 2798 1028 2831 totam
1048 2792 1219 2843 hyemem
1240 2795 1407 2833 cubiculo
1425 2809 1500 2834 non
1515 2798 1643 2838 fuerim

84 2859 286 2910 egressus,)
307 2856 457 2894 tandem
475 2861 559 2907 post
577 2863 724 2894 sextum
744 2870 910 2896 mensem
928 2857 1094 2908 pristinae
1114 2871 1173 2895 me
1192 2858 1340 2897 sanitati
1357 2861 1528 2898 restituit.
1584 2865 1641 2903 Ex

83 2936 128 2962 eo
141 2929 307 2974 tempore
320 2922 358 2959 in
371 2920 557 2959 visitanda
570 2934 654 2959 mea
668 2922 819 2960 dioecesi
837 2936 879 2960 ac
894 2922 1094 2973 provincia,
1112 2928 1150 2960 et
1167 2924 1464 2973 superstitionum
1480 2927 1642 2979 reliquiis

88 2987 291 3034 abolendis,
321 2999 408 3038 quae
436 2985 492 3023 his
518 2985 555 3025 in
579 2986 756 3037 partibus,
781 2988 920 3038 majore
947 2988 1141 3026 doctorum
1165 2993 1203 3025 et
1223 2988 1367 3040 piorum
1393 2990 1641 3031 ministrorum
