1845 3233
91 126 206 183 vm.]
354 141 563 169 JoHANNES
599 142 726 169 foxus
761 142 815 168 AD
846 142 1059 169 HENRICUM
1093 126 1393 171 BULL'INGERUM.
1613 133 1665 174 13

89 255 209 304 plures
240 254 446 292 conducere
475 268 551 293 non
584 256 698 294 licuit.
757 254 902 300 Quaeso
930 260 972 292 ut
999 255 1130 305 jubeas
1160 255 1255 293 hunc
1289 257 1421 294 iterum
1449 257 1497 295 ad
1526 272 1607 303 1105,
1635 261 1666 298 si

86 318 336 356 Frenchamus
360 319 464 363 vivit,
491 325 688 357 maturare.
742 319 896 357 Aroviae
922 319 1034 357 birria
1052 319 1198 358 facilius
1224 326 1263 358 et
1290 321 1447 359 vicinius
1472 323 1540 360 erit
1559 325 1666 361 vobis

89 382 274 432 parabilis,
308 383 339 420 si
367 396 460 434 opus
488 384 613 423 fuerit.
670 384 717 422 D.
738 384 864 429 Jews,
887 384 1010 421 omnis
1042 384 1173 422 salutis
1204 384 1299 429 fons,
1330 399 1400 423 nos
1430 387 1476 424 ad
1509 388 1663 437 gloriam

88 449 205 498 ipsius
235 448 445 486 custodiat!
489 449 584 487 Maii
610 451 646 494 6,
678 451 791 486 1559.
830 448 1012 500 postridie
1037 461 1150 499 quam
1182 449 1300 486 literae
1324 449 1394 488 huc
1425 457 1560 491 vestrae
1585 467 1668 504 pcr-

86 512 174 549 latae
201 518 298 549 sunt.
354 512 532 551 Basileae.

1060 566 1163 604 Tuus
1180 567 1218 604 in
1240 566 1404 609 Christo,

1197 638 1234 675 J.
1266 637 1452 677 FOXL’S.

373 703 636 730 1NSCR1P'1'10.
848 727 856 735 ,

142 762 370 799 ,Doctissimo
392 762 486 803 viro,
507 760 554 796 D.
577 760 747 796 Hem-ico
769 758 1002 805 Bnllingem.

197 827 295 875 Tigu
305 829 349 864 ri.

659 1042 957 1084 EPISTOLA
1002 1043 1086 1085 IX.

299 1193 555 1225 JOHANNES
584 1193 797 1225 JUELLUS
826 1193 892 1223 AD
923 1193 1122 1224 PETRUM
1155 1194 1449 1226 MARTYREM.

164 1282 189 1319 S
217 1282 257 1319 Ρ.
303 1281 370 1318 ΕΤ
385 1282 473 1332 quid
489 1283 638 1320 tandem
657 1295 729 1332 ego
746 1281 791 1318 ad
808 1287 845 1319 te
861 1282 1046 1319 scribam?
1065 1296 1134 1319 nos
1154 1283 1253 1320 enim
1273 1283 1390 1321 adluic
1411 1296 1541 1321 omnes
1559 1297 1663 1334 pere-

84 1346 178 1396 grini
199 1359 326 1383 sumus
344 1347 447 1383 domi
467 1353 620 1385 nostrae.
661 1347 756 1383 Redi
779 1360 882 1396 ergo,
903 1346 1062 1396 inquies,
1081 1347 1272 1397 Tigurum.
1313 1347 1483 1390 Utinam,
1504 1348 1660 1393 utinam,

84 1411 134 1448 mi
154 1416 270 1461 pater,
293 1410 330 1447 id
349 1410 440 1447 mihi
460 1411 660 1461 aliquando
679 1411 808 1448 liceat!
837 1410 889 1447 Te
909 1410 1024 1456 enim,
1044 1417 1221 1461 quantum
1244 1413 1364 1456 video,
1386 1413 1486 1449 nulla
1505 1425 1587 1462 spes
1606 1419 1662 1449 est

83 1481 275 1513 venturum
300 1488 463 1525 unquam
491 1475 529 1513 in
549 1474 742 1525 Angliam.
789 1474 823 1512 O
844 1475 1037 1524 Tigurum,
1057 1476 1261 1525 Tigurum!
1293 1482 1433 1526 quanto
1460 1490 1532 1527 ego
1562 1490 1660 1513 nunc

83 1540 220 1590 saepius
244 1540 289 1576 de
315 1545 354 1576 te
373 1539 515 1589 cogito,
536 1553 647 1590 quam
668 1553 831 1590 unquam
852 1539 897 1576 de
917 1539 1070 1589 Anglia,
1092 1553 1174 1577 cum
1195 1554 1313 1578 essem
1334 1541 1487 1590 Tiguri!
1520 1542 1659 1586 Quam-

82 1605 136 1641 vis
162 1609 299 1648 autem,
328 1609 369 1640 ut
392 1603 482 1648 dixi,
510 1604 547 1641 in
573 1604 692 1655 patria
719 1610 849 1641 nostra
876 1604 991 1640 simus
1016 1603 1194 1655 hospites,
1222 1605 1426 1655 excipimus
1454 1611 1579 1643 tamen
1607 1606 1661 1642 in-

84 1668 227 1706 terdum
256 1668 428 1718 quaedam
458 1666 596 1718 ἄφατα
626 1668 684 1704 καὶ
711 1665 909 1714 ἀδιήγητα.
974 1668 1113 1706 Verum
1138 1668 1297 1706 πολλάκι
1328 1669 1378 1706 τι)
1405 1669 1514 1706 κακόν
1543 1686 1662 1706 κατα-

86 1735 243 1779 κείμενον
268 1730 369 1770 ἔνδον
395 1730 552 1778 ἄμεινον.

165 1797 224 1834 De
257 1797 440 1847 religione
470 1803 696 1835 transactum
731 1803 800 1841 est,
832 1797 991 1849 (utinam
1026 1797 1135 1834 bonis
1167 1799 1342 1849 auspiciis
1358 1797 1387 1850 !)
1416 1805 1457 1836 ut
1489 1806 1586 1838 esset
1617 1812 1662 1839 co

85 1861 179 1906 loco,
209 1875 282 1912 quo
310 1862 380 1898 fuit
407 1861 548 1898 ultimis
574 1862 648 1899 tuis
673 1862 902 1912 temporibus
928 1862 994 1899 sub
1021 1862 1232 1900 Edouardo.
1263 1864 1349 1908 Sed,
1380 1870 1557 1914 quantum
1585 1867 1663 1916 qui-

84 1926 168 1962 dem
200 1939 271 1975 ego
297 1925 414 1963 adhuc
440 1926 562 1963 videre
585 1940 751 1977 possum,
771 1939 847 1963 non
875 1932 931 1963 est
958 1940 1001 1963 ea
1026 1926 1194 1964 alacritas
1218 1928 1256 1964 in
1275 1928 1413 1965 nostris
1438 1928 1660 1974 hominibus,

85 2003 169 2040 qua=
196 2003 313 2040 nuper
341 1990 378 2027 in
410 1990 566 2041 papistis
594 1990 674 2028 fuit.
733 1991 792 2028 Ita
815 1991 947 2028 misero
977 1997 1229 2041 comparatum
1258 1997 1328 2036 est,
1356 1998 1396 2029 ut
1426 1994 1661 2032 mendacium

83 2061 266 2092 armatum
287 2054 348 2099 sit,
369 2055 503 2092 veritas
523 2061 647 2092 autem
666 2068 742 2092 non
762 2061 907 2092 tantum
927 2055 1090 2098 inermis,
1111 2069 1236 2092 verum
1257 2056 1368 2093 etiam
1398 2070 1499 2108 sai-pe
1518 2059 1658 2096 odiosa.

84 2118 222 2168 Agitur
245 2132 343 2155 nune
370 2119 414 2155 de
441 2132 545 2156 sacro
574 2125 611 2156 et
637 2119 785 2156 scenico
808 2125 1008 2170 apparatu;
1043 2132 1199 2169 quaeque
1227 2133 1299 2170 ego
1319 2127 1441 2159 tecum
1461 2122 1660 2172 aliquando

81 2183 218 2226 ridens,
240 2196 283 2219 ea
305 2196 416 2227 nunc,
436 2196 458 2220 a
477 2183 604 2220 nescio
627 2183 769 2233 quibus,
795 2182 883 2234 (nos
903 2184 1001 2220 enim
1028 2196 1103 2220 non
1131 2185 1353 2222 advocamur
1370 2185 1407 2222 in
1427 2186 1658 2238 consilium.)

83 2247 180 2284 serio
210 2252 248 2283 et
279 2247 439 2297 graviter
462 2247 688 2296 cogitantur,
717 2247 821 2297 quasi
845 2247 979 2296 religio
1005 2247 1217 2285 Christiana
1235 2255 1407 2286 constare
1437 2263 1512 2287 non
1541 2251 1659 2300 possit

83 2312 162 2348 sine
191 2311 332 2360 pannis.
390 2312 470 2349 Nos
491 2311 642 2361 quidem
672 2324 747 2348 non
775 2311 826 2347 ita
855 2311 965 2348 otiosi
994 2325 1118 2348 sumus
1143 2313 1190 2349 ab
1208 2312 1343 2358 animo,
1371 2319 1410 2350 ut
1429 2314 1521 2350 tanti
1542 2315 1658 2365 possi-

82 2389 165 2412 mus
198 2375 315 2412 facere
353 2375 443 2412 istas
475 2375 645 2425 ineptias,
713 2375 788 2412 Alii
821 2382 1009 2413 sectantur
1042 2389 1189 2413 auream
1224 2378 1420 2426 quandam,
1450 2391 1533 2428 quae
1566 2379 1657 2416 milii

82 2440 254 2491 plumbea
274 2440 397 2490 potius
416 2439 572 2483 videtur,
592 2440 885 2477 mediocritatem
901 2454 908 2483 ;
936 2446 973 2477 ct
991 2441 1166 2485 clamant,
1185 2441 1390 2479 Dimidium
1410 2443 1490 2492 plus
1508 2450 1602 2481 toto.

164 2503 324 2548 Quidam
358 2517 404 2540 ex
435 2504 571 2540 nostris
603 2504 787 2553 designati
821 2510 905 2541 sunt
939 2505 1116 2555 episcopi,
1155 2506 1331 2543 parkerus
1364 2506 1657 2552 Cantuaricnsis,

82 2569 212 2606 (Joxus
242 2568 494 2609 Norvicensis,
531 2568 709 2605 Barlovus
740 2568 1001 2613 Cieestrensis,
1037 2570 1206 2606 Scorwus
1242 2570 1518 2615 Herfordensis,
1548 2573 1657 2609 Grin-

83 2635 201 2671 ‹lallus
230 2633 492 2677 Londinensis,
516 2632 620 2683 (nam
647 2633 956 2682 Bonerusjussus
983 2639 1038 2670 est
1060 2632 1233 2685 cederet)
1267 2635 1331 2685 qui
1350 2636 1499 2685 quando
1524 2637 1656 2674 adituri

81 2700 157 2737 sint
187 2697 476 2748 possessionem,
512 2697 652 2734 nescio.
711 2698 794 2747 Ego
824 2712 870 2735 ex
903 2698 975 2734 isto
1003 2698 1106 2742 flore,
1138 2699 1237 2748 quod
1279 2705 1318 2736 tu
1354 2699 1398 2736 de
1431 2700 1518 2737 vino
1547 2702 1655 2743 soles,

82 2763 189 2801 facile
209 2762 335 2798 (livino
356 2775 440 2812 quw
469 2762 518 2799 sit
543 2762 663 2798 futura
681 2762 877 2799 vindemia.
933 2761 1143 2799 Adversarii
1168 2762 1314 2799 interim
1341 2764 1457 2801 nostri
1484 2770 1656 2815 καιροφυ-

82 2836 276 2870 λακτουσι,
311 2832 349 2862 et
378 2826 596 2876 pollicentur
627 2826 695 2862 sibi
731 2826 802 2863 ista
822 2839 894 2863 non
925 2827 1002 2864 fore
1036 2833 1223 2877 perpetua.
1283 2827 1326 2864 ln
1357 2827 1495 2867 Scotia.
1528 2830 1655 2865 nescio

81 2890 167 2940 quid
195 2891 362 2927 audimus
380 2890 642 2927 tumultuatum
673 2890 718 2927 ‹le
746 2891 951 2940 religione:
987 2891 1129 2928 nobiles
1162 2891 1290 2940 ejectis
1323 2893 1517 2929 monachis
1546 2906 1655 2931 occu-

82 2967 189 3004 passe
214 2955 457 3000 monasteria3
489 2960 527 2992 et
552 2955 690 3004 aliquot
719 2955 856 2992 milites
882 2955 1130 3006 praesidiarms
1157 2956 1285 2994 Gallos
1310 2957 1346 2994 in
1373 2957 1531 2994 tumultu
1560 2958 1656 2994 occi-
