1845 3233
114 153 215 211 ειν]
392 168 583 195 ΒιοΑηῡυε
615 167 752 194 nunes
783 167 838 193 AD
871 165 1082 192 HechuM
1117 162 1415 192 suumomni-w.
1598 144 1681 189 157

679 341 974 386 EPISTOLA
1006 340 1124 383 CIV.

284 539 525 570 RICARDUS
554 538 728 569 HILLES
756 538 825 569 AD
856 535 1117 570 HENRICUM
1148 530 1520 565 BULLINGERUM.

199 609 401 647 SALUTEM
432 609 638 660 plurimam.
693 607 891 658 Superiore
909 619 1036 644 mense
1057 604 1198 642 Martio
1218 603 1340 640 literas
1364 615 1480 646 meaS,
1505 600 1610 637 (latas
1641 601 1687 636 13

120 674 179 711 die
198 674 384 711 Februarii
413 674 580 725 proxime
603 672 730 723 elapsi,
759 672 842 708 misi
871 670 916 708 ad
942 670 1060 707 filium
1083 681 1210 706 meum
1239 666 1464 712 Barnabam,
1488 671 1528 702 ut
1552 664 1688 702 Franc-

118 737 204 775 forti
237 738 286 776 D.
313 736 543 775 Christofero
572 734 821 774 Frosehovero
850 735 888 772 in
919 733 1041 772 vernis
1073 731 1248 770 nundinis
1280 744 1345 781 pro
1378 736 1415 767 te
1447 729 1690 775 traderentur,

119 815 211 852 quas
229 802 352 839 literas
375 814 481 853 spero
506 801 634 838 itidem
657 806 693 837 te
715 800 760 838 ab
780 799 911 837 eodem
935 796 1189 836 Froschovero
1215 795 1415 847 accepisse.
1471 794 1532 832 Ab
1559 794 1691 831 eodem

118 872 284 917 tempore
297 852 545 904 amicissimas
558 865 662 902 binas
682 877 704 902 a
721 869 760 901 te
779 863 903 900 literas
917 862 1056 912 accepi,
1073 866 1110 898 et
1127 860 1335 911 peramplas
1355 858 1525 909 quidem;
1549 858 1690 910 priores

120 929 168 966 ad
200 930 424 981 vigesimum
462 928 691 973 Decembris,
725 927 950 979 posteriores
982 925 1027 963 ad
1066 924 1327 962 duodecimum
1360 923 1487 961 Martii
1523 922 1692 973 proxime

120 994 235 1044 elapsi
265 994 441 1044 scriptas;
476 999 514 1031 et
540 993 579 1030 in
607 992 661 1030 eis
689 992 871 1029 inclusam
899 991 1008 1028 aliam
1039 989 1256 1033 chartulam,
1287 988 1324 1025 in
1348 1000 1420 1039 qua
1447 988 1493 1025 ad
1524 1000 1585 1025 me
1613 1000 1694 1038 per-

120 1058 248 1096 scribis
276 1071 321 1095 ea
347 1071 432 1108 quae
459 1057 628 1097 Venetiis
657 1069 851 1107 acceperas
882 1055 928 1093 de
955 1055 1158 1093 Turcarum
1186 1053 1304 1098 caede,
1335 1065 1491 1103 quaeque
1520 1053 1564 1089 de
1595 1058 1693 1089 statu

120 1122 333 1160 Germanice
366 1127 404 1159 et
430 1121 686 1174 persecutione
716 1120 913 1172 consopita
945 1131 1226 1164 commemoras,
1254 1124 1326 1155 etc.
1396 1117 1455 1155 De
1487 1117 1622 1168 quibus
1656 1123 1694 1154 et

118 1186 234 1224 literis
261 1192 298 1223 et
325 1187 431 1224 novis
460 1200 622 1224 summas
649 1186 717 1224 tibi
748 1186 884 1237 gratias
911 1184 1043 1223 habeo.

197 1250 259 1289 Ab
288 1252 487 1289 earundem
512 1251 762 1289 nundinarum
791 1256 957 1301 tempore
986 1249 1114 1300 accepi
1140 1262 1162 1286 a
1184 1256 1219 1285 te
1245 1247 1335 1285 alias
1361 1246 1474 1283 etiam
1501 1246 1623 1284 literas
1647 1246 1693 1284 ad

120 1316 302 1366 quosdam
338 1316 533 1367 episcopos
568 1321 765 1361 nostrates,
799 1328 889 1366 quas
918 1314 996 1365 pari
1030 1327 1114 1352 cum
1146 1313 1217 1350 fide
1253 1317 1292 1349 et
1327 1311 1525 1361 diligentia
1559 1311 1693 1349 tradidi

124 1380 324 1431 Rodulpho
350 1381 525 1418 Gualtero
558 1387 595 1418 et
625 1380 793 1418 Henrico
826 1378 994 1425 Bussero,
1023 1384 1073 1423 ut,
1105 1377 1191 1428 quia
1221 1383 1258 1414 et
1288 1376 1378 1426 ipsis
1411 1376 1482 1412 alia
1511 1382 1617 1413 erant
1649 1375 1695 1412 (le

121 1459 189 1483 suo
219 1458 304 1482 cuni
333 1444 518 1496 episcopis
551 1445 801 1495 transigenda,
834 1443 916 1496 (qui
938 1444 1017 1493 jam
1047 1443 1196 1493 publico
1229 1440 1443 1485 conventui,
1469 1453 1580 1491 quem
1612 1453 1694 1490 par-

121 1510 325 1546 lamentum
338 1507 498 1559 Anglice
517 1509 769 1554 nominamus,
789 1506 1007 1559 intersunt,)
1025 1521 1087 1544 eas
1106 1506 1151 1544 ad
1169 1506 1336 1556 singulos
1355 1505 1561 1551 deferrent3
1587 1511 1697 1555 prout

123 1587 163 1610 se
189 1573 367 1610 detulisse
393 1572 485 1609 mihi
513 1573 782 1623 significarunt,
807 1578 946 1623 praeter
975 1585 1037 1609 eas
1064 1584 1155 1622 quas
1187 1571 1234 1608 ad
1260 1571 1308 1608 D.
1333 1570 1497 1608 Juellum
1529 1569 1696 1606 Sarisbu-

121 1637 279 1675 riensem
302 1636 566 1687 conscripsisti,
587 1638 650 1687 qui
676 1637 762 1688 quia
785 1643 956 1674 mortuus
981 1642 1049 1681 est,
1068 1649 1089 1673 e
1106 1635 1296 1673 voluntate
1315 1639 1380 1671 tua
1404 1634 1486 1671 illas
1507 1634 1556 1671 D.
1580 1634 1697 1671 Park-

121 1701 251 1739 liursto
284 1700 556 1739 Nordovicensi
587 1701 765 1752 episcopo
793 1700 938 1738 tradidi.
996 1699 1069 1737 Sed
1098 1698 1252 1736 audin’?
1318 1697 1429 1736 Unde
1461 1697 1601 1735 factum
1635 1699 1695 1743 sit,

122 1766 270 1803 nescio:
305 1765 406 1816 atqui
431 1778 553 1816 neque
570 1770 650 1802 tum
669 1778 788 1816 neque
811 1765 858 1802 ab
881 1778 926 1802 eo
945 1770 1114 1815 tempore
1139 1763 1268 1814 accepi
1286 1763 1331 1800 de
1356 1762 1618 1800 adhortatione
1640 1763 1697 1800 in-

120 1831 291 1881 scriptos,
311 1842 404 1880 quos
423 1829 528 1874 dicis,
547 1842 670 1880 neque
685 1829 842 1867 Latinos
853 1842 923 1867 nec
935 1828 1179 1866 Germanicos
1194 1828 1327 1873 libros;
1345 1828 1397 1865 ita
1416 1834 1456 1865 ut
1475 1827 1589 1865 modo
1609 1828 1697 1878 quid

123 1894 169 1931 ‹le
193 1894 263 1932 hac
285 1907 324 1931 re
348 1894 592 1943 respondeam
617 1900 800 1945 praeterea
817 1894 956 1932 nescio.
1013 1893 1168 1931 Interim
1192 1899 1319 1930 tamen
1342 1891 1463 1930 habeo
1487 1892 1554 1930 tibi
1581 1893 1697 1943 grati-

121 1971 181 1996 am
212 1958 257 1995 de
285 1958 427 1995 duobus
455 1957 526 1994 illis
551 1958 781 1996 Germanicis
809 1965 849 1996 et
877 1972 952 1997 uno
979 1958 1114 1996 Latino
1144 1957 1426 2007 exemplaribus,
1454 1969 1540 2007 quae
1565 1963 1607 1994 tu
1634 1958 1696 1995 de-

120 2023 265 2060 crevisti
293 2022 363 2059 huc
390 2021 436 2058 ad
467 2033 526 2058 me
555 2022 753 2060 transferri.
810 2022 914 2069 Quin
941 2022 1054 2060 iidem
1082 2021 1301 2073 Rodolphus
1326 2027 1364 2059 et
1390 2021 1576 2059 Henricus
1602 2022 1696 2060 nihil

121 2089 234 2125 etiarn
265 2087 355 2125 certi
383 2085 523 2124 liabent
550 2087 595 2124 de
626 2087 698 2124 illis
731 2087 844 2124 libris.
897 2085 951 2125 At.
977 2099 1066 2124 vero
1094 2099 1189 2137 quos
1222 2086 1345 2124 emisit
1374 2085 1562 2136 Rodulphi
1592 2094 1699 2137 pater

121 2153 211 2190 alias
244 2152 377 2190 Latine
413 2152 532 2189 editos
566 2163 649 2189 cum
680 2151 751 2188 illis
782 2151 885 2189 libris
912 2151 1051 2202 accepi,
1085 2163 1178 2202 quos
1209 2149 1323 2187 iidem
1357 2149 1429 2187 illis
1455 2150 1543 2188 viris
1575 2151 1696 2189 distri-

121 2217 291 2262 buerunt,
312 2216 442 2267 quibus
462 2216 677 2254 distributos
696 2215 813 2253 voluit
833 2215 1022 2266 Rodulphi
1040 2221 1162 2266 pater;
1184 2215 1243 2252 cui
1260 2227 1347 2252 meo
1371 2215 1524 2252 nomine
1543 2216 1696 2267 gratias,

121 2294 263 2332 quaeSO,
287 2294 379 2331 agas
402 2287 552 2332 propter
569 2292 652 2317 eum
673 2280 804 2317 librum
822 2293 932 2331 quem
953 2280 1000 2317 ad
1023 2292 1084 2317 me
1106 2279 1223 2325 misit,
1245 2284 1283 2316 et
1306 2279 1550 2318 amicissimas
1572 2280 1696 2318 literas

122 2359 212 2396 quas
240 2345 285 2383 ad
312 2358 373 2383 me
401 2345 546 2383 decimo
575 2344 703 2383 Martii
731 2345 871 2382 mensis
901 2344 1021 2382 ultimi
1051 2343 1167 2382 dedit.

193 2409 307 2456 Quod
324 2409 371 2447 ad
389 2409 543 2459 triginta
560 2409 667 2453 duos,
681 2408 725 2446 de
744 2408 877 2458 quibus
895 2409 942 2446 ad
958 2421 1022 2446 me
1040 2408 1182 2454 scribis,
1202 2420 1333 2446 aureos
1352 2408 1486 2446 attinet
1502 2421 1510 2447 2
1532 2409 1693 2448 sedecim

124 2475 161 2511 in
182 2474 380 2526 postremis
408 2473 569 2511 hibernis
595 2472 770 2510 nundinis
798 2472 1003 2510 Francforti
1027 2472 1164 2510 habitis
1189 2473 1298 2510 solvit
1323 2473 1419 2511 filius
1442 2486 1550 2512 meus
1576 2475 1696 2514 Gerso

125 2539 172 2577 D.
209 2537 443 2576 Christofero
474 2537 725 2575 Froschovero
757 2549 824 2588 pro
856 2537 927 2575 illis
957 2537 1086 2574 decem
1118 2537 1373 2574 verendissimi
1406 2538 1570 2590 episcopi
1603 2540 1695 2578 Vin-

122 2602 304 2640 tonicnsis
327 2602 526 2646 coronatis,
550 2601 594 2638 de
620 2601 751 2652 quibus
781 2600 873 2638 facis
904 2601 1145 2638 mentionem.
1201 2600 1370 2639 Sedecim
1398 2602 1460 2639 alii
1489 2608 1595 2640 erant
1629 2617 1696 2655 pro

124 2667 205 2704 aliis
235 2667 363 2704 decem
400 2666 601 2710 coronatis,
632 2678 724 2716 quos
755 2665 953 2716 episcopus
987 2665 1146 2703 Eliensis
1178 2666 1384 2704 numeravit
1418 2665 1478 2704 hie
1514 2668 1698 2718 praedicto

123 2730 295 2775 Gersoni‚
323 2736 364 2768 ut
384 2730 450 2768 tibi
469 2743 535 2768 eos
556 2736 826 2768 renumeraret:
864 2730 1000 2781 adjecit
1028 2736 1209 2781 praeterea
1235 2730 1332 2768 filius
1356 2743 1474 2778 meus,
1494 2745 1533 2769 se
1562 2733 1693 2771 codem

123 2802 289 2846 tempore
317 2794 437 2832 eidem
471 2794 722 2832 Froschovero
751 2795 971 2845 persolvisse
999 2795 1129 2833 decem
1161 2808 1292 2833 aureos
1316 2809 1385 2846 pro
1411 2796 1516 2834 Julio
1544 2797 1697 2835 Sancte-

123 2859 304 2903 mutiano,
338 2872 432 2909 quos
461 2859 579 2896 eidem
605 2858 706 2896 Julio
731 2858 927 2896 solvendos
959 2859 1283 2896 reverendissimus
1314 2859 1475 2897 Eliensis
1502 2861 1698 2911 episcopus

123 2923 191 2973 ipsi
224 2923 324 2973 prius
356 2922 414 2959 hic
440 2922 668 2960 dissolverat.
725 2922 839 2966 Quod
865 2935 950 2960 vero
983 2923 1111 2961 scribis
1126 2923 1183 2975 'fid
1214 2937 1276 2961 me
1307 2922 1365 2961 his
1392 2924 1525 2969 verbis,
1558 2924 1694 2976 (“pari

123 3000 244 3025 errore
277 2993 341 3025 aut
371 2987 483 3024 dubio
520 2987 655 3025 factum
690 2992 747 3024 cst
779 2987 899 3025 vernis
934 2988 1122 3034 numlinis,
1156 2993 1196 3025 ut
1226 2988 1361 3038 viginti
1394 2994 1536 3039 septem
1570 2989 1696 3026 ‹lalleri
