1845 3233
128 129 210 169 186
740 137 929 164 RICARDUS
953 135 1083 163 -coxus
1538 117 1680 174 [Eprsr.

125 256 287 298 saxonia
304 267 419 306 nuper
441 253 537 291 natis
559 253 796 291 vehementer
813 250 933 287 doleo.
987 249 1056 286 Est
1074 249 1273 286 admodum
1297 248 1403 286 ferox
1426 248 1515 286 illud
1543 247 1682 286 Luthe-

123 334 293 362 ranorum
315 332 441 370 genus.
480 317 663 355 Dominus
682 316 809 353 adesse
827 314 1001 364 dignetur
1017 325 1166 351 causam
1182 312 1297 363 ipsius
1312 313 1453 350 sincere
1467 312 1680 363 agentibus!

125 388 159 425 O
187 384 378 423 hominum
404 381 608 427 inimicum,
639 380 703 431 qui
728 379 910 417 seminato
939 378 1039 415 bono
1062 377 1200 415 semine
1228 377 1372 416 zizania
1395 376 1684 428 superseminare

124 464 198 489 non
216 448 356 488 cessat!
404 445 558 484 Interim
577 458 643 496 per
661 444 734 482 Dei
754 443 912 494 gratiam
936 441 1124 492 agendum
1142 454 1209 492 pro
1226 441 1320 479 virili
1338 455 1346 480 :
1376 446 1498 479 cetera
1517 440 1684 479 Domino

126 516 209 554 Deo
226 518 354 551 nostro
379 509 633 562 permittenda.
690 508 884 546 Hactenus
907 519 975 543 nos
995 506 1181 544 Dominus
1202 518 1269 543 sua
1292 505 1411 556 gratia
1428 510 1621 544 conservat
1644 504 1684 542 in

124 592 223 631 pace.
279 577 579 614 Submurmurant
604 573 779 624 papistae,
807 578 846 610 et
871 571 999 609 nescio
1030 570 1119 622 quid
1146 571 1304 608 monstri
1331 571 1456 616 alunt;
1487 570 1554 608 sed
1581 570 1686 608 Deus

126 644 206 694 ipse
224 642 341 680 malos
359 640 453 678 male
477 638 620 690 perdat,
644 643 754 688 teque
778 636 949 675 ecclesiae
973 648 1054 673 suae
1079 635 1289 673 diutissime
1307 641 1425 674 servet
1447 635 1683 680 incolumem,

125 714 162 747 et
181 721 240 746 me
258 707 297 745 in
314 705 388 745 tuis
404 703 572 756 precibus
592 703 676 741 Deo
695 701 926 739 commenda.
983 700 1041 738 Ex
1059 699 1180 738 insula
1198 699 1340 738 Eliensi
1358 700 1397 738 in
1414 699 1564 750 Anglia.

643 777 743 817 Tuus
769 777 808 816 in
837 776 991 816 Christo
1017 776 1130 814 frater
1156 775 1375 821 carissimus,

1001 857 1277 897 RICARDUS
1305 857 1496 904 COXUS,

1278 934 1441 974 Eliensis
1469 933 1687 986 Episcopus.

435 1013 689 1042 lecRIPTIO.

232 1073 282 1108 D.
304 1071 503 1119 Rodolpho
523 1067 719 1112 Gualtero,
738 1066 862 1103 amico
883 1077 963 1102 meo

282 1135 485 1179 carissimo,
500 1137 533 1170 et
545 1132 719 1170 veritatis
730 1142 958 1181 propugna-

282 1202 353 1238 tori
369 1200 600 1251 fortissimo,

616 1458 913 1502 EPISTOLA
949 1458 1193 1502 CXXVII,

311 1614 552 1646 RICARDUS
581 1614 732 1645 COXUS
759 1614 827 1645 AD
856 1612 1162 1645 RODOLPHUM
1192 1610 1504 1644 GUALTERUM.

210 1692 394 1729 LITERAS
423 1696 514 1736 tuas,
544 1689 757 1727 doctissime
786 1690 959 1727 Gualtere
988 1694 1026 1726 et
1048 1688 1158 1726 frater
1179 1688 1217 1726 in
1244 1688 1409 1726 Domino
1434 1686 1632 1732 carissime,
1664 1691 1687 1725 S

131 1756 259 1796 Martii
277 1770 308 1793 a.
331 1758 430 1792 1575
450 1755 567 1799 datas,
587 1766 672 1805 quae
690 1753 781 1790 mihi
801 1754 931 1791 eodem
950 1766 1047 1790 anno
1067 1766 1192 1790 mense
1212 1752 1318 1790 Maio
1334 1752 1584 1796 tradebantur,
1614 1764 1690 1789 non

132 1821 210 1859 sine
239 1833 377 1870 magna
408 1819 600 1869 voluptate
637 1817 790 1869 perlegi.
845 1818 940 1855 Sunt
974 1817 1074 1854 enim
1113 1816 1350 1867 gratitudinis
1388 1816 1519 1853 officiis
1553 1816 1689 1866 plenae,

131 1886 341 1936 majoraque
361 1885 406 1921 de
430 1897 490 1921 me
508 1883 716 1934 praedicant
733 1895 842 1933 quam
862 1895 933 1933 ego
952 1895 1038 1920 vero
1065 1894 1267 1931 agnoscere
1285 1893 1448 1931 possum.
1504 1880 1593 1918 Non
1612 1880 1690 1917 sine

132 1949 374 1987 admiratione
392 1948 437 1985 de
456 1947 578 1984 divina
596 1947 827 1997 providentia
844 1947 1011 1997 cogitare
1033 1959 1240 1997 possumus,
1259 1958 1345 1996 quae
1365 1958 1463 1982 nunc
1481 1944 1691 1982 afflictionis

131 2015 219 2065 igne
236 2027 321 2051 suos
340 2013 484 2063 probat,
498 2025 597 2049 nunc
612 2025 697 2049 vero
710 2012 913 2062 respirandi
928 2011 1088 2062 spatium
1104 2010 1287 2056 concedit,
1302 2023 1466 2061 paceque
1483 2009 1692 2060 gratissima

132 2079 201 2116 frui
226 2078 323 2115 sinit.
383 2076 465 2114 Etsi
490 2081 644 2126 peccata
667 2076 796 2127 plagas
822 2075 1055 2126 gravissimas
1078 2080 1301 2119 mereantur,
1326 2074 1548 2114 confidimus
1566 2079 1691 2110 tamen

133 2142 336 2181 Dominum
354 2146 520 2179 nostrum
540 2141 563 2177 J
568 2153 671 2178 esum
697 2139 886 2177 Christum
911 2139 1046 2177 habere
1071 2152 1175 2177 suam
1197 2138 1366 2190 pusillam
1393 2150 1558 2189 gregem,
1586 2138 1692 2188 cujus

131 2208 271 2259 pietate
307 2212 344 2243 et
380 2206 545 2256 precibus
576 2205 677 2243 flecti
713 2205 867 2255 sistique
899 2205 993 2242 solet
1024 2203 1230 2254 justissima
1267 2203 1340 2241 Dei
1375 2203 1550 2240 vindicta.
1619 2202 1692 2240 Sed

132 2271 356 2309 misserrima
374 2276 430 2307 est
447 2269 724 2320 hypocritarum
740 2269 916 2314 conditio,
936 2281 1028 2319 quos
1048 2267 1231 2306 Dominus
1244 2267 1451 2318 justissimo
1470 2280 1537 2304 suo
1551 2266 1692 2317 judicio

132 2341 280 2387 propter
297 2335 522 2372 exundantia
540 2334 679 2371 seelera
695 2333 838 2370 tradere
857 2333 951 2371 solet
968 2333 1007 2370 in
1026 2345 1156 2370 manus
1175 2331 1440 2382 diripientium,
1461 2332 1588 2382 quales
1606 2336 1692 2368 sunt

131 2400 244 2438 hodie
263 2399 393 2444 Turca,
413 2412 520 2450 papa,
541 2403 578 2436 et
597 2398 914 2436 schismaticorum
931 2397 1127 2435 furibunda
1142 2397 1259 2434 turba.
1302 2396 1425 2447 Atque
1444 2395 1529 2433 haec
1544 2395 1692 2446 quidem

132 2465 238 2502 turba
250 2464 346 2514 apud
363 2476 430 2500 nos
446 2462 631 2513 plausibili
650 2476 716 2500 sua
730 2462 896 2500 doctrina
914 2467 1109 2512 magnates
1123 2461 1161 2498 in
1179 2467 1256 2499 rete
1272 2473 1378 2498 suum
1392 2460 1499 2498 facile
1514 2460 1692 2505 alliciunt,

135 2528 221 2565 dum
242 2541 380 2578 magno
409 2527 558 2578 spiritus
584 2528 699 2565 boatu
726 2527 941 2564 subvertunt
965 2526 1111 2567 credula
1134 2531 1286 2577 pectora
1310 2525 1539 2570 miserorum,
1568 2537 1693 2562 eorum

135 2592 305 2637 maxime,
325 2605 409 2642 quae
424 2592 715 2642 possessionibus
734 2591 969 2629 ecclesiarum
986 2590 1262 2635 cathedralium,
1281 2589 1525 2640 collegiorum
1544 2594 1581 2626 et
1598 2588 1693 2639 epis-

136 2669 311 2706 coporum
330 2655 486 2700 inhiant,
514 2655 569 2692 uti
595 2655 670 2706 lupi
701 2655 872 2705 corvique
897 2654 1069 2692 famelici.
1126 2653 1185 2691 Ita
1210 2653 1323 2691 Satan
1349 2666 1478 2690 omnes
1505 2651 1695 2690 machinas

135 2725 258 2757 movet
275 2720 319 2756 ad
345 2720 578 2769 evangelium
601 2720 839 2756 obruendum.
895 2718 1143 2757 Vehementer
1166 2718 1288 2764 doleo,
1313 2717 1497 2755 Saxonem
1516 2716 1619 2754 illum
1640 2716 1694 2753 ita

137 2784 327 2820 incensum
345 2797 426 2820 esse
445 2789 572 2821 contra
589 2785 682 2834 pios.
737 2783 818 2821 Nec
834 2784 957 2821 minus
973 2783 1180 2833 ingemisco
1197 2795 1245 2819 ex
1262 2781 1359 2819 tristi
1377 2781 1441 2819 illo
1455 2781 1600 2826 nuntio,
1621 2793 1694 2831 quo

140 2848 185 2884 ad
203 2860 270 2884 nos
289 2846 446 2884 defertur
473 2847 640 2884 ecelesiae
666 2848 925 2885 solidissimam
950 2848 1171 2893 columnam,
1201 2848 1248 2885 D.
1276 2846 1483 2884 Henricum
1503 2845 1693 2895 Bullinge-

137 2924 229 2955 rum,
248 2911 377 2947 morbo
396 2911 559 2948 laborare
578 2912 806 2960 gravissimo.
853 2913 1074 2950 Misereatur
1090 2911 1258 2949 ecclesiae
1273 2924 1351 2949 suae
1369 2910 1548 2960 benignus
1564 2909 1695 2947 Domi-

138 2988 219 3021 nus,
238 2979 275 3012 et
293 2987 397 3012 suum
415 2974 617 3013 Henricum
631 2976 797 3025 pristinae
813 2977 1009 3015 valetudini
1022 2977 1209 3014 restituat!
1249 2975 1314 3014 Sin
1329 2975 1465 3014 divinae
1484 2973 1693 3013 clementiae
