1845 3233
167 169 189 206 1
203 167 256 207 10
743 172 952 199 JOHANNES
986 169 1158 197 JUELLUS
1607 151 1752 208 [EPIST.

165 294 272 345 regni
307 294 494 333 debeatur.
528 289 559 327 si
587 289 676 340 quid
710 285 945 325 Elizabethae
978 284 1142 334 Reginae
1179 282 1394 320 humanitus
1432 281 1622 327 acciderit,
1655 282 1757 332 quod

166 359 338 397 nolimus.
404 355 460 392 Ea
491 352 685 391 contentio
721 363 890 388 mensem
924 361 1041 386 unum
1072 353 1184 397 atque
1216 346 1372 383 alterum
1408 346 1576 384 omnium
1608 345 1755 383 animos

170 420 389 472 occupavit;
428 430 513 455 cum
543 416 693 466 Regina
720 428 765 452 ea
797 414 843 451 dc
870 426 910 450 re
938 412 1002 462 agi
1028 411 1160 456 nollet,
1193 410 1325 461 reliqui
1356 423 1487 448 omnes
1514 409 1759 448 veliementer

169 488 357 535 cuperent,
385 486 424 519 et
447 480 621 530 utrinque
643 478 793 528 magnis
810 476 949 515 viribus
970 480 1008 512 et
1027 475 1161 512 studiis
1185 483 1426 525 pugnaretur.
1467 474 1570 519 Quid
1589 473 1756 524 quaeris'!

168 550 275 589 Effici
305 553 495 599 postremo
524 545 617 583 nihil
644 544 791 595 potuit:
827 541 978 591 Regina
1003 540 1117 586 enim,
1148 546 1190 578 ut
1218 546 1276 577 est
1303 540 1445 577 femina
1466 539 1649 590 imprimis
1670 552 1757 589 pru-

167 616 259 652 dens
290 619 327 650 et
354 611 520 663 provida,
551 609 705 646 haerede
734 606 850 644 semel
880 605 1093 655 designato,
1127 604 1335 655 suspicatur
1366 604 1503 656 aliquid
1538 604 1609 642 sibi
1641 603 1757 642 creari

166 691 275 730 posse
300 676 467 728 periculi.
524 673 637 712 Nosti
667 672 768 709 enim
796 671 901 715 illud,
930 669 1059 708 Plures
1087 669 1271 708 orientem
1301 670 1419 708 solem
1448 670 1616 715 adorant,
1645 681 1757 720 quam

165 742 414 781 occidentem.

248 807 307 844 De
335 805 531 854 religione,
559 815 672 839 causa
696 801 760 838 illa
786 799 963 837 vestiaria
989 811 1152 849 magnos
1181 798 1255 836 hoc
1279 803 1450 849 tempore
1473 803 1599 835 motus
1630 798 1758 835 conci·

166 871 270 909 tavit.
327 869 493 919 Reginae.
523 871 666 904 certum
691 872 748 903 est
776 864 878 902 nolle
913 863 1037 901 flecti:
1070 863 1202 901 fratres
1233 868 1358 900 autem
1384 862 1504 900 nostri
1529 861 1679 912 quidam
1705 862 1759 900 ita

167 949 213 973 ea
230 935 277 972 de
293 947 333 971 re
351 937 536 983 pugnant,
557 944 600 968 ac
623 931 653 967 si
680 930 719 966 in
746 942 791 966 ea
812 942 887 965 una
913 928 1036 965 omnis
1061 933 1192 965 nostra
1207 927 1342 977 religio
1361 933 1577 964 versaretur.
1625 926 1759 976 Itaque

166 998 379 1036 functiones
403 996 561 1046 abjicere
587 1000 625 1031 et
656 993 834 1031 ecclesias
860 992 992 1029 inanes
1018 991 1227 1042 relinquere
1252 991 1409 1035 malunt,
1435 1003 1547 1041 quam
1570 990 1759 1027 tantillum

167 1063 212 1100 de
241 1060 427 1099 sententia
449 1059 640 1097 decedere.
691 1057 824 1107 Neque
848 1062 912 1094 aut
933 1055 1008 1093 tuis
1036 1062 1102 1093 aut
1130 1056 1177 1093 D.
1200 1055 1368 1092 Gualteri
1393 1055 1622 1092 doctissimis
1645 1054 1760 1106 scrip-

165 1127 227 1171 tis,
250 1131 314 1163 aut
341 1124 498 1161 aliorum
527 1122 674 1173 piorum
693 1121 856 1158 virorum
882 1119 1051 1165 monitis,
1081 1119 1223 1157 moveri
1242 1119 1383 1156 volunt.
1437 1118 1602 1170 Agimus
1631 1125 1759 1156 tamen

170 1191 254 1228 Deo
289 1188 442 1240 gratias,
478 1187 540 1237 qui
579 1199 657 1223 non
693 1184 835 1236 patitur
871 1197 941 1221 nos
978 1184 1076 1220 inter
1108 1196 1179 1220 nos
1216 1182 1288 1221 hoc
1320 1190 1491 1233 tempore
1528 1183 1761 1234 gravioribus

168 1253 440 1306 quaestionibus
475 1249 651 1288 exerceri.
719 1249 829 1287 Unus
861 1254 989 1286 tamen
1028 1247 1212 1299 quispiam
1245 1261 1265 1285 e
1298 1253 1428 1285 nostro
1460 1260 1630 1293 numero,
1665 1247 1763 1299 epis·

168 1332 283 1369 copus
320 1316 607 1360 Glocestrensis,
645 1315 684 1351 in
722 1313 888 1352 comitiis
922 1319 1051 1363 aperte
1090 1318 1129 1350 et
1167 1312 1327 1350 fidenter
1363 1312 1471 1358 dixit,
1506 1312 1654 1363 probari
1692 1312 1762 1350 sibi

169 1382 325 1420 Lutheri
358 1380 584 1419 sententiam
616 1380 663 1416 de
692 1377 939 1421 eucharistia3
979 1377 1043 1414 sed
1077 1390 1122 1414 ea
1155 1390 1266 1427 seges
1297 1390 1375 1414 non
1409 1377 1490 1422 erit,
1525 1389 1646 1428 spero,
1681 1376 1762 1420 diu·

169 1453 291 1484 turna.

249 1512 295 1549 In
327 1510 513 1549 Hibernia
542 1508 714 1547 nonnihil
740 1508 814 1546 hoc
843 1513 1013 1558 tempore
1038 1506 1295 1544 tumultuatur.
1347 1506 1477 1543 Insula
1507 1519 1563 1550 ea,
1594 1505 1649 1542 uti
1676 1506 1761 1551 scis,

167 1581 275 1626 paret
309 1575 449 1612 nostris
484 1574 648 1624 regibus,
717 1572 915 1611 Johannes
954 1570 1105 1622 quidam
1142 1570 1298 1615 Oneum,
1341 1570 1497 1620 spurius,
1537 1570 1761 1620 conscripsit

168 1653 287 1691 nuper
306 1639 476 1683 militem,
497 1644 535 1675 et
552 1643 702 1675 nostros
727 1636 934 1674 insolenter
958 1635 1186 1686 provocavit.
1241 1635 1314 1672 Sed
1340 1635 1423 1684 plus
1440 1634 1479 1671 in
1506 1647 1550 1671 ea
1576 1648 1615 1671 re
1638 1647 1759 1671 morae

168 1710 240 1749 est,
265 1716 376 1754 quam
401 1702 579 1753 periculi:
617 1701 648 1738 is
679 1700 778 1738 enim
809 1701 924 1750 longe
953 1699 1059 1737 abdit
1086 1712 1167 1736 sese
1192 1699 1229 1736 in
1260 1699 1413 1750 paludcs
1443 1705 1481 1735 et
1509 1698 1756 1742 solitudines;

168 1781 244 1819 quo
270 1774 398 1806 noster
424 1767 530 1804 miles
558 1764 738 1815 consequi
765 1764 876 1802 facile
903 1776 981 1800 non
1009 1763 1140 1814 possit.

250 1833 282 1869 E
317 1832 444 1870 Scotia
483 1844 570 1868 vero
611 1830 718 1881 (quid
757 1842 831 1879 ego
869 1828 1020 1866 dicam?
1058 1834 1124 1865 aut
1159 1834 1201 1865 tu
1237 1828 1326 1879 quid
1361 1828 1489 1865 credas
1503 1828 1537 1878 ?)
1573 1827 1758 1866 horrenda

169 1903 280 1947 atque
306 1897 444 1934 atrocia
472 1896 705 1933 nuntiantur.
764 1894 822 1931 Ea
851 1892 1020 1943 quamvis
1051 1892 1237 1943 ejusmodi
1262 1892 1350 1938 sint,
1383 1897 1426 1929 ut
1456 1892 1557 1929 credi
1581 1893 1643 1930 vix
1671 1906 1758 1944 pos-

169 1961 258 2006 sint,
292 1967 330 1998 et
363 1974 409 1998 ex
441 1961 526 1998 aula
557 1973 674 2011 usque
708 1960 755 1997 ad
787 1971 848 1995 me
880 1957 1103 2002 scribuntur,
1134 1962 1172 1994 et
1207 1957 1348 2007 passim
1377 1957 1582 2007 jactantur,
1611 1964 1650 1995 et
1681 1971 1757 1996 cre-

169 2026 306 2063 duntur
341 2026 386 2063 ab
423 2026 606 2063 omnibus
676 2024 823 2074 Regem
853 2023 1031 2073 juvenem
1063 2022 1169 2059 aiunt
1200 2022 1384 2072 proximis
1419 2022 1521 2060 hisce
1557 2023 1759 2060 admodum

168 2089 313 2134 diebus,
341 2102 416 2126 una
446 2102 531 2126 cum
558 2102 632 2126 uno
660 2087 816 2132 famulo,
843 2099 955 2138 quem
984 2085 1114 2123 habuit
1141 2099 1164 2122 a
1191 2085 1383 2130 cubiculis,
1409 2086 1648 2124 interfectum
1677 2100 1760 2125 esse

170 2154 271 2191 domi
289 2167 382 2199 suae,
403 2161 441 2191 et
459 2160 697 2204 exportatum
720 2152 831 2197 foras,
861 2158 900 2189 et
926 2151 1100 2189 relictum
1124 2151 1192 2188 sub
1221 2150 1293 2189 dio.
1353 2150 1474 2188 Crede
1501 2150 1607 2197 mihi,
1633 2151 1760 2189 horret

169 2218 316 2254 animus
346 2218 418 2255 ista
445 2230 749 2255 commemorare.
807 2215 846 2253 Si
874 2215 949 2252 ista
974 2228 1063 2252 vera
1089 2215 1177 2259 sint,
1207 2215 1272 2265 (ne
1299 2215 1396 2252 sint!
1430 2221 1558 2253 tamen
1585 2215 1616 2252 si
1646 2215 1758 2266 sint,)

169 2281 259 2331 quid
283 2294 408 2318 causae
435 2281 558 2324 fuerit,
586 2286 651 2318 aut
676 2280 810 2331 quibus
839 2279 901 2316 ille
929 2278 1076 2316 insidiis
1098 2278 1239 2329 petitus
1271 2278 1331 2322 sit,
1361 2278 1494 2316 faciam
1521 2284 1559 2316 te
1587 2278 1759 2329 posthac,

171 2345 234 2382 ubi
262 2345 389 2382 omnia
419 2345 618 2389 rescivero,
653 2345 699 2382 de
733 2344 841 2381 rebus
879 2343 1053 2380 omnibus
1089 2342 1298 2381 certiorem.
1373 2343 1418 2380 In
1455 2343 1662 2393 praesentia
1686 2356 1758 2381 nec

170 2422 227 2453 ea,
257 2422 344 2459 quac
369 2409 424 2446 ita
446 2415 663 2446 constanter
684 2409 927 2459 jactarentur,
948 2407 1105 2445 reticere
1127 2407 1245 2457 potui,
1272 2420 1344 2445 nec
1368 2421 1425 2452 ea,
1450 2421 1537 2459 quae
1563 2413 1759 2458 comperta

171 2486 246 2510 non
273 2473 462 2519 haberem,
490 2473 650 2511 nimium
678 2473 839 2510 fidenter
866 2472 1060 2509 affirmare.

250 2536 392 2574 Julium
422 2543 591 2574 nostrum
620 2537 732 2574 audio
759 2536 889 2586 Tiguri
922 2549 1003 2573 esse
1034 2541 1248 2574 mortuum:
1285 2536 1395 2573 mitto
1424 2542 1551 2574 tamen
1580 2537 1627 2574 ad
1655 2536 1757 2574 illum

171 2598 306 2648 viginti
325 2607 521 2638 coronatos
544 2601 722 2645 Gallicos,
743 2601 775 2637 si
792 2600 896 2645 vivit,
918 2606 960 2637 ut
984 2600 1038 2637 illi
1062 2601 1221 2646 cedant3
1250 2600 1308 2638 sin
1330 2606 1471 2646 autem,
1499 2601 1600 2651 quod
1623 2601 1758 2647 nolim,

173 2667 231 2697 est
266 2669 447 2708 mortuus,
485 2671 527 2701 ut
562 2664 600 2701 in
638 2664 789 2714 epulum
822 2663 1089 2701 scholasticum
1121 2665 1368 2702 insumantur.
1426 2664 1465 2701 Si
1496 2670 1597 2701 esset
1627 2665 1759 2710 otium,

174 2725 373 2762 scriberem
401 2728 448 2763 ad
479 2728 526 2765 D.
552 2728 789 2774 Lavaterum,
820 2728 867 2764 ad
899 2728 947 2765 D.
977 2727 1188 2773 Simlerum,
1220 2729 1268 2766 ad
1298 2728 1347 2766 D.
1373 2727 1606 2779 WVolphium,
1637 2729 1683 2765 ad
1710 2728 1757 2765 D.

177 2788 386 2834 Hallerum,
419 2796 457 2827 et
488 2792 605 2835 alios;
639 2791 825 2842 imprimis
851 2804 941 2829 vero
973 2792 1018 2829 ad
1051 2793 1099 2830 D.
1130 2793 1377 2835 Gualterum;
1412 2792 1458 2829 ad
1491 2805 1601 2842 quem
1629 2792 1757 2829 hacte-

172 2865 257 2898 nus,
282 2852 398 2890 homo
430 2854 612 2904 ingratuS,
643 2869 835 2906 nunquam
867 2856 1011 2907 scripsi.
1070 2856 1217 2902 Quaeso
1250 2863 1292 2894 ut
1322 2856 1438 2893 hosce
1471 2868 1616 2901 omnes,
1646 2861 1760 2906 atque

175 2917 289 2953 etiam
318 2917 355 2954 in
384 2917 514 2966 primis
543 2918 590 2955 D.
618 2919 859 2970 Rodolphum
889 2926 927 2957 et
955 2920 1003 2957 D.
1032 2920 1242 2958 Henricum
1267 2927 1367 2966 tuos,
1389 2932 1476 2958 meo
1504 2919 1657 2957 nomine
1679 2920 1761 2971 plu-¹

171 2980 307 3017 rimum
336 2981 459 3018 valere
480 2982 626 3032 jubeas.
