1845 3233
147 117 202 156 54
711 125 921 151 JOHANNES
950 124 1120 150 JUELLUs
1570 110 1715 168 [EPIST-

615 263 911 305 EPISTOLA
949 263 1234 305 XXXVIII.

355 427 610 460 JOHANNES
641 426 852 458 JUELLUs
880 426 948 456 AD
977 425 1181 456 PETRUM
1210 425 1507 457 MARTYREM.

219 503 255 541 S.
286 503 356 539 PL.
383 503 421 539 in
447 502 610 540 Christo.
667 501 767 546 Quid
793 514 865 551 ego
890 501 937 537 ad
961 505 998 537 te
1024 499 1094 537 hoc
1119 505 1288 551 tempore
1316 501 1489 547 scribam,
1512 500 1564 538 mi
1591 506 1710 552 pater,

142 567 278 605 nescio.
333 566 431 604 Nam
456 573 493 604 et
520 579 642 604 rerum
668 578 844 603 novarum
874 578 1005 615 parum
1029 570 1098 609 est,
1124 570 1162 601 et
1188 565 1369 616 temporis
1403 566 1449 603 ad
1473 565 1710 604 scribendum

141 631 257 668 multo
286 631 429 674 minus;
461 644 560 668 nunc
592 630 691 667 enim
716 629 894 679 accingor
924 629 971 666 ad
999 629 1169 679 agendos
1194 636 1400 668 conventus
1429 636 1468 668 et
1497 630 1709 668 obeundam

140 694 387 746 provinciam:
416 693 477 731 ille
503 695 604 732 labor
630 694 700 731 erit
727 693 925 730 bimestris.
996 693 1109 730 Eram
1139 694 1354 745 scripturuS,
1381 694 1509 732 nescio
1534 695 1634 745 quid,
1663 695 1711 731 ad

138 764 175 796 te
195 764 280 795 ante
299 771 484 802 mensem3
515 764 553 795 et
566 759 644 808 jam
671 771 745 795 non
764 757 857 794 nihil
877 757 990 794 etiam
1010 757 1241 808 scripseram.
1298 758 1371 795 Sed
1391 772 1476 796 cum
1501 772 1630 797 rumor
1646 757 1708 796 hio

137 821 181 858 ‹le
214 829 250 859 te
281 835 408 872 parum
440 822 635 866 secundus,
662 822 800 859 nostris
828 822 1002 859 omnibus
1030 821 1222 868 molestus,
1248 821 1339 859 mihi
1372 828 1497 860 autem
1524 822 1707 874 imprimis

134 886 353 923 audiendum
385 887 616 936 peracerbus,
655 886 792 937 passim
821 892 1076 936 spargeretur;
1110 886 1217 937 isque
1250 899 1328 924 non
1357 892 1505 925 tantum
1537 886 1708 938 populari

134 949 243 995 fama,
277 950 340 987 sed
373 950 484 988 etiam
518 950 562 987 de
598 949 716 987 literis
749 950 797 988 D.
835 950 1017 987 Grindalli
1049 956 1087 987 et
1120 949 1391 1001 archiepiscopi
1425 950 1707 989 cantuariensis

135 1014 434 1058 confirmaretur3
463 1027 540 1065 prae
566 1027 735 1060 moerore,
762 1013 855 1051 mihi
880 1014 1003 1060 crede,
1029 1020 1140 1065 atque
1164 1015 1281 1053 animi
1307 1015 1530 1065 aegritudine
1555 1020 1706 1054 coactus

132 1091 214 1115 sum
235 1078 424 1123 desistere,
444 1084 555 1129 atque
578 1079 796 1129 abrumpere
820 1078 1008 1116 inchoata.
1063 1079 1174 1117 Nunc
1197 1086 1336 1125 autem,
1356 1085 1557 1131 postquam
1575 1079 1705 1117 fratres

133 1143 250 1179 nostri
275 1143 526 1188 Genevenses,
554 1143 615 1193 qui
643 1143 688 1180 ad
709 1156 779 1180 nos
803 1157 922 1194 nuper
948 1143 1149 1181 admodum
1176 1144 1377 1190 redierunt,
1405 1145 1581 1182 nuntiant
1609 1144 1705 1195 apud

129 1219 197 1244 vos
215 1206 340 1244 onmia
364 1206 437 1243 ista
461 1220 543 1244 esse
567 1212 608 1244 ut
632 1207 814 1253 volumus,
841 1221 919 1246 non
940 1220 1095 1259 possum
1121 1207 1214 1245 mihi
1235 1208 1416 1259 imperare
1439 1209 1529 1260 quin
1547 1208 1705 1246 scribam

131 1271 269 1321 aliquid
299 1271 345 1307 ad
371 1276 422 1315 te,
452 1271 521 1307 etsi
549 1271 671 1309 hercle
696 1271 790 1309 nihil
817 1272 865 1309 sit
892 1271 963 1309 hoc
986 1278 1154 1323 tempore
1181 1273 1278 1323 quod
1305 1273 1475 1310 scribam.

211 1335 378 1372 Ecclesia
396 1340 521 1372 nostra
539 1349 638 1373 nunc
655 1336 727 1373 Dei
746 1336 930 1374 beneficio
950 1336 1150 1387 tranquilla
1168 1343 1235 1374 est.
1291 1337 1373 1375 Nec
1391 1338 1537 1375 mirum.
1591 1337 1702 1376 Nunc

133 1399 231 1436 enim
264 1399 317 1436 illi
344 1400 457 1444 venti,
487 1400 547 1450 qui
575 1406 685 1438 antea
712 1400 847 1438 fluctus
876 1400 1129 1446 concitabant,
1162 1415 1209 1438 ne
1243 1401 1331 1451 quid
1365 1402 1513 1439 turbare
1541 1402 1702 1452 possint,

133 1464 280 1514 egregie
298 1464 343 1500 ab
356 1464 468 1501 AEolo
488 1465 654 1502 conclusi
672 1471 768 1502 sunt.
819 1464 1117 1502 concionatores
1131 1470 1279 1502 tantum
1298 1465 1406 1502 nobis
1434 1466 1590 1503 desunt:
1620 1466 1702 1503 illo-

130 1542 210 1566 rum
228 1534 284 1565 est
302 1528 401 1566 enim
419 1542 559 1579 magna
578 1535 615 1566 et
630 1529 851 1566 miserabilis
868 1529 1018 1580 inopia;
1046 1534 1084 1566 et
1102 1528 1242 1566 scholae
1262 1529 1419 1567 desertae
1439 1543 1586 1580 prorsus
1604 1536 1701 1575 sunt,

131 1597 184 1636 ut,
203 1592 274 1629 nisi
294 1593 396 1630 Deus
414 1606 484 1630 nos
501 1594 687 1643 respiciat,
714 1594 813 1631 nulla
830 1594 869 1631 in
894 1599 1084 1644 posterum
1103 1593 1361 1644 supplementa
1387 1594 1526 1645 sperari
1544 1595 1701 1645 possint.

133 1656 427 1695 Concionatores
453 1663 577 1695 tamen
604 1659 657 1696 illi
684 1659 748 1709 qui
773 1665 872 1704 sunt,
897 1659 961 1709 qui
986 1658 1095 1709 pauci
1117 1664 1214 1704 sunt,
1240 1658 1449 1708 praesertim
1474 1658 1537 1709 qui
1562 1659 1703 1710 aliquid

131 1726 300 1771 possunt,
329 1735 350 1758 a
376 1722 513 1772 populo
542 1723 712 1761 secundis
738 1723 885 1761 auribus
915 1729 1027 1774 atque
1055 1722 1191 1760 animis
1217 1722 1428 1760 audiuntur.
1486 1723 1702 1761 Invenimus

130 1784 257 1833 primis
288 1785 515 1835 temporibus
547 1787 778 1825 Elizabethae
806 1800 987 1839 magnam
1019 1793 1057 1824 et
1089 1786 1358 1837 inauspicatam
1391 1793 1560 1837 segetem
1593 1787 1701 1826 Aria-

130 1860 274 1893 norum,
303 1849 629 1900 anabaptistarum,
661 1857 699 1889 et
730 1852 884 1890 aliarum
913 1852 1089 1903 pestium,
1121 1851 1197 1902 qui,
1234 1851 1363 1888 nescio
1398 1864 1471 1902 quo
1501 1857 1626 1902 pacto,
1661 1859 1701 1890 ut

130 1911 237 1961 fungi
272 1918 386 1950 noctu
420 1920 457 1951 et
492 1915 530 1952 in
566 1916 736 1961 tenebris,
773 1917 826 1954 ita
860 1917 913 1954 illi
949 1917 988 1954 in
1022 1916 1086 1953 illa
1120 1915 1282 1966 caligine
1315 1920 1353 1952 et
1387 1915 1553 1954 infausta
1587 1923 1701 1955 nocte

132 1975 294 2013 Mariani
331 1978 505 2028 temporis
542 1986 790 2018 excreverunt.
857 1980 936 2018 Eos
970 1993 1070 2017 nunc
1103 1978 1230 2024 audio,
1260 1992 1368 2029 spero
1404 1979 1556 2029 quidem
1588 1985 1700 2027 certe,

130 2039 178 2076 ad
210 2040 329 2077 lucem
357 2042 518 2080 melioris
544 2043 737 2090 doctrinae,
765 2050 943 2096 tanquam
974 2050 1129 2082 noctuas
1160 2043 1208 2081 ad
1240 2050 1433 2094 aspectum
1466 2044 1568 2089 solis,
1607 2045 1701 2082 obli-

130 2103 256 2149 tuisse,
293 2110 331 2142 et
365 2119 510 2156 prorsus
548 2109 627 2158 jam
664 2110 786 2146 nullos
822 2122 925 2147 esse:
967 2114 1031 2146 aut
1063 2108 1094 2145 si
1131 2109 1194 2160 qui
1232 2115 1329 2153 sunt,
1367 2114 1495 2146 tamen
1532 2109 1699 2147 ecclesiis

132 2168 266 2205 nostris
296 2170 445 2208 molesti
471 2184 547 2209 non
576 2178 672 2210 sunt.

209 2232 379 2271 volatica
405 2235 467 2272 illa
491 2236 658 2274 doctrina
678 2237 914 2288 Ubiquitaria
937 2251 1015 2276 non
1041 2243 1168 2289 potest
1185 2237 1284 2289 apud
1308 2251 1378 2275 nos
1404 2238 1606 2276 consistere
1625 2238 1700 2277 ullo

133 2296 269 2333 modo:
303 2298 372 2334 etsi
392 2311 467 2335 non
493 2299 647 2337 deerant
671 2301 716 2337 ab
741 2301 861 2346 initio,
888 2301 1018 2352 quibus
1043 2315 1087 2339 ea
1110 2316 1169 2340 res
1193 2315 1422 2352 magnopere
1448 2315 1547 2339 curae
1575 2302 1698 2340 fuerit.

135 2358 176 2394 ln
210 2360 397 2398 Gallorum
430 2363 599 2409 ecclesia,
633 2377 743 2414 quam
771 2364 908 2402 habent
937 2379 1035 2403 nunc
1065 2365 1239 2410 Londini,
1273 2366 1382 2403 audio
1409 2379 1489 2403 csse
1519 2366 1699 2416 quosdam

133 2421 361 2472 importunos
395 2425 564 2464 homines
600 2433 637 2465 et
676 2429 917 2474 turbulentos,
962 2431 1023 2480 qui
1068 2436 1193 2481 aperte
1232 2430 1412 2481 incipiant
1445 2428 1698 2482 Ἀῤῥιανὶζειν.

136 2485 236 2523 Deus
264 2489 372 2525 nobis
400 2490 595 2540 aliquando
623 2492 765 2530 auferat
792 2493 864 2530 ista
893 2494 1006 2532 lolia!

209 2549 366 2599 Regina,
393 2555 533 2600 pacatis
564 2556 684 2600 rebus,
715 2557 910 2606 pollicetur
937 2571 975 2596 se
1007 2559 1174 2596 daturam
1202 2559 1311 2597 nobis
1341 2563 1539 2609 argentum
1565 2572 1694 2608 purum

133 2619 349 2663 putumque;
384 2617 505 2667 itaque
528 2620 607 2669 jam
635 2620 766 2670 incipit
787 2634 938 2659 omnem
965 2623 1193 2673 superiorum
1217 2629 1426 2674 temporum
1453 2622 1696 2660 adulterinam

132 2683 317 2714 monetam
341 2692 523 2719 revocare.
578 2684 609 2720 Ε
636 2684 760 2721 Scotia
785 2685 878 2722 nihil
908 2692 1155 2738 praeterquam
1185 2689 1284 2738 quod
1309 2687 1555 2738 superioribus
1580 2687 1696 2724 literis

132 2740 178 2776 ad
212 2746 248 2777 tc
286 2743 422 2792 scripsi,
457 2745 501 2782 de
534 2754 745 2797 expugnato
781 2750 957 2798 praesidio
990 2756 1027 2787 et
1058 2752 1167 2789 rebus
1200 2752 1384 2790 confectis
1421 2765 1467 2789 ex
1500 2751 1695 2788 sententia.

133 2802 238 2841 Crito
258 2806 343 2854 quid
363 2814 461 2856 agat,
480 2811 617 2848 nescio.
657 2812 872 2862 Pamphilus
891 2815 1054 2852 nondum
1073 2816 1195 2853 rediit.
1235 2816 1294 2853 De
1313 2816 1484 2866 Glycerio
1502 2815 1697 2852 utinam—-

131 2866 197 2902 scd
226 2869 349 2905 ταῦτα
379 2869 414 2906 ἐν
439 2872 506 2908 τοῦ
531 2875 627 2910 Θεοῦ
651 2874 802 2921 γούνασι
830 2881 960 2914 κεῖται.
1017 2879 1143 2916 Maius
1169 2880 1330 2918 decanus
1357 2880 1546 2925 Paulinus,
1572 2879 1695 2929 desig-

129 2936 236 2968 natus
253 2932 547 2986 archiepiscopus
570 2938 824 2987 Eboracensis,
844 2948 1011 2980 mortuus
1032 2949 1099 2980 cst.
1158 2943 1205 2981 D.
1230 2943 1384 2981 Hornus
1406 2944 1475 2981 erit
1498 2943 1696 2994 episcopus
