1845 3233
125 124 255 182 ΜΝ]
422 142 622 169 RoBER‘rus
654 143 813 170 Hormus
848 142 903 168 AD
934 143 1180 170 nonoLPHUM
1211 141 1471 169 GUALTERUM.
1651 130 1706 170 85

128 263 166 294 et
187 258 531 309 superpelliciorum
560 259 737 297 ministris
763 260 1000 304 remanebat3
1033 259 1087 297 ita
1108 266 1237 297 tamen
1265 266 1306 297 ut
1330 259 1603 310 superstitionis
1630 259 1709 310 opi-

127 323 242 360 nione
271 329 423 369 careret,
452 324 552 374 quod
583 324 730 362 disertis
763 323 900 362 decreti
928 324 1047 361 verbis
1079 329 1239 361 cavetur.
1293 324 1392 362 Tolli
1422 323 1494 361 hoc
1521 323 1711 361 decretum

127 399 205 424 non
237 392 374 438 potest,
402 387 473 425 nisi
506 389 674 425 omnium
704 389 810 439 regni
840 388 1024 434 ordinum,
1058 401 1218 439 quorum
1249 402 1433 427 consensu
1463 388 1712 427 constitutum

127 450 210 497 fuit,
245 452 522 502 conspiratione
555 459 668 504 atque
701 466 897 491 consensu.
963 453 1098 499 Nobis,
1135 466 1249 504 penes
1285 467 1378 504 quos
1409 459 1499 491 tunc
1530 466 1606 490 non
1638 452 1711 490 fuit

128 515 318 553 sanciendi
350 515 406 553 vel
441 517 643 567 abrogandi
680 518 894 563 auctoritas,
925 517 1031 569 pileis
1068 523 1106 554 et
1138 518 1404 569 superpelliciis
1441 518 1507 564 uti,
1537 518 1595 555 vel
1627 516 1710 554 aliis

127 579 251 617 locum
279 580 379 624 dare,
407 580 618 631 injunctum
649 588 716 619 est.
784 581 853 619 Usi
881 581 939 619 his
966 594 1108 627 sumus,
1138 594 1184 619 ne
1218 594 1372 619 munera
1405 581 1616 626 christiana,
1643 593 1710 632 per

128 656 197 681 nos
227 644 383 689 deserta,
416 651 642 695 occuparent
670 645 881 683 adversarii.
938 645 1013 683 Sed
1042 658 1127 683 cum
1156 645 1235 696 jam
1264 645 1348 682 haec
1376 658 1435 683 res
1465 645 1503 683 in
1531 658 1709 696 magnam

128 708 408 746 contentionem
436 708 534 746 inter
560 715 711 747 nostros
739 709 941 755 devenerit,
977 714 1019 746 ut
1052 714 1179 746 noster
1207 722 1299 759 grex
1333 709 1488 760 pusillus
1524 710 1638 747 etiam
1672 709 1712 747 in

128 772 220 810 duas
247 772 380 811 abierit
407 779 542 824 partes,
576 787 731 824 quarum
759 774 876 811 altera
903 774 951 811 ob
979 773 1069 811 illud
1093 774 1282 811 decretum
1311 773 1553 811 deserendum
1581 773 1710 811 minis-

127 837 277 882 terium,
306 837 421 875 altera
445 851 523 875 non
551 837 796 875 deserendum
820 843 939 888 putet,
964 844 1052 888 peto
1082 839 1147 876 abs
1174 844 1223 883 te,
1253 838 1304 875 mi
1332 838 1521 883 Gualtere,
1549 837 1637 889 quid
1664 837 1710 875 de

127 899 196 938 hae
223 901 485 946 controversia,
513 914 599 952 quae
630 914 699 939 nos
729 915 804 939 una
830 907 952 947 vexat,
982 902 1153 947 senseris,
1184 908 1225 939 ut
1252 915 1362 953 quam
1393 901 1514 952 primo
1543 907 1710 952 tempore

128 965 278 1003 scribas.
346 966 545 1016 Speramus
580 971 691 1012 certe,
722 966 903 1016 proximis
932 965 1096 1003 comitiis
1128 966 1230 1003 illam
1259 966 1399 1003 decreti
1429 972 1573 1018 partem
1602 966 1708 1003 abro—

129 1035 295 1081 gaturos.
351 1030 424 1068 Sed
453 1030 483 1068 si
512 1030 549 1067 id
578 1030 739 1068 obtineri
765 1043 842 1068 non
870 1031 1020 1081 poterit,
1053 1031 1228 1082 quoniam
1261 1043 1401 1081 magna
1428 1044 1499 1082 ope
1529 1031 1624 1069 clam
1654 1031 1710 1068 ni-

129 1101 259 1133 tuntur
286 1095 459 1146 papistae,
489 1095 694 1133 ministerio
726 1094 971 1132 nihilominus
1001 1094 1128 1132 divino
1157 1095 1426 1133 adhaerendum
1457 1108 1535 1133 esse
1564 1094 1708 1146 judico,

129 1173 190 1205 ne,
215 1160 362 1197 deserto
389 1172 433 1196 eo
458 1172 501 1196 ac
526 1172 548 1196 a
575 1159 684 1196 nobis
711 1172 755 1197 ea
779 1158 994 1196 conditione
1021 1159 1226 1209 repudiato,
1251 1159 1411 1211 papistae
1440 1172 1519 1197 sese
1544 1159 1711 1197 insinua-

128 1230 222 1263 rent.
279 1224 367 1269 Qua
392 1225 438 1261 de
462 1236 502 1261 re
527 1223 765 1269 sententiam,
793 1223 844 1259 mi
871 1223 1060 1268 Gualtere,
1083 1229 1262 1275 exspecto
1283 1229 1400 1270 tuam,
1428 1237 1476 1261 an
1500 1222 1597 1270 haec,
1623 1235 1710 1274 quae

129 1288 183 1326 sic
201 1287 372 1333 facimus,
399 1287 500 1325 salva
527 1286 760 1324 conscientia
783 1286 905 1324 facere
926 1300 1137 1338 possumus.
1195 1287 1253 1325 De
1271 1293 1395 1325 vestra
1417 1287 1529 1324 etiam
1554 1286 1711 1325 ecelesia

128 1353 182 1390 ita
209 1365 292 1390 sum
320 1352 498 1398 solicitus,
521 1357 576 1398 ut,
599 1351 778 1403 quoniam
802 1352 943 1389 multos
969 1352 1097 1390 fideles
1115 1352 1305 1389 ministros
1331 1366 1377 1390 ex
1401 1358 1505 1403 peste
1527 1352 1711 1390 interiisse

129 1417 307 1467 suspicer,
337 1429 403 1467 per
430 1421 515 1453 tuas
546 1416 670 1453 literas
697 1416 790 1453 scire
817 1416 950 1452 vellem
980 1428 1108 1453 eorum
1138 1416 1291 1453 nomina
1320 1416 1381 1467 qui
1405 1417 1483 1466 jam
1513 1415 1707 1466 supersint.

129 1480 314 1519 Dominus
337 1480 461 1526 Jesus,
492 1493 652 1531 magnus
679 1479 805 1530 gregis
828 1480 886 1517 sui
909 1486 1048 1527 custos,
1074 1493 1141 1518 vos
1169 1486 1207 1518 et
1234 1480 1442 1518 universam
1462 1493 1567 1518 suam
1592 1480 1708 1518 eccle-

127 1545 221 1583 siam
249 1545 460 1582 custodiat!
519 1545 564 1583 In
591 1544 724 1582 eodem
751 1544 843 1582 vale.

207 1609 349 1648 Datum
378 1622 398 1646 e
429 1609 636 1647 Pernamiae
664 1614 799 1654 castro,
831 1610 879 1645 16
908 1608 976 1646 cal.
1007 1607 1189 1659 Augusti,
1223 1610 1334 1646 1565.

1031 1696 1134 1734 Tuus
1163 1696 1202 1734 in
1231 1695 1395 1742 Christo,

388 1789 640 1817 mscmr'rm.
1215 1778 1336 1817 ROB.
1367 1777 1603 1817 WINTON.

238 1845 441 1881 Ornatiss0.
474 1844 661 1892 theologo,
692 1843 848 1880 domino

291 1909 489 1953 Gualtero,
521 1908 717 1956 Tigurinae
737 1909 847 1945 cccle-

287 1976 352 2011 siae
370 1974 547 2011 ministro
566 1973 738 2021 digniss0.

670 2213 973 2256 EPISTOLA
1009 2213 1155 2256 LXV.

203 2380 460 2412 JOHANNES
491 2381 843 2413 PARKHURSTUS
874 2383 942 2413 AD
974 2382 1236 2414 HENRICUM
1267 2382 1638 2417 BULLINGERUM.

210 2451 352 2488 Dotm
383 2463 491 2500 supra
519 2450 684 2495 modum,
715 2451 867 2501 gavisus
892 2464 973 2489 sum
1001 2464 1111 2503 supra
1135 2453 1303 2499 modum,
1327 2454 1425 2504 quod
1457 2457 1713 2506 aegrotaveris,

132 2516 230 2568 quod
262 2522 300 2552 et
327 2515 567 2552 convalueris.
625 2515 763 2552 Scribis
788 2521 826 2552 te
858 2516 896 2552 in
926 2516 1020 2554 meis
1047 2516 1172 2554 literas
1202 2518 1249 2555 D.
1277 2518 1400 2556 Jucllo
1431 2519 1627 2571 inscriptas
1658 2522 1713 2559 in-

131 2580 298 2626 clusisse,
329 2586 366 2617 et
394 2580 489 2629 petis
516 2586 556 2617 ut
583 2592 708 2617 earum
737 2580 949 2630 exemplum
978 2580 1025 2617 ad
1053 2580 1126 2618 hoc
1154 2594 1272 2632 usque
1300 2582 1448 2633 signum
1471 2584 1532 2633 (†)
1557 2586 1713 2624 describi

130 2659 254 2684 curem
289 2651 327 2682 et
359 2645 505 2681 mittam
538 2644 585 2682 D.
617 2644 763 2682 Horno.
829 2644 954 2690 Certe,
988 2645 1040 2682 mi
1073 2645 1303 2696 Bullingere,
1336 2661 1409 2698 ego
1442 2649 1555 2686 Juelli
1589 2650 1714 2688 literas

129 2725 207 2750 non
232 2710 330 2754 vidi;
361 2722 472 2760 quare
501 2722 571 2747 nec
597 2709 663 2745 tibi
691 2722 759 2746 nec
781 2709 904 2747 Horni
931 2710 1202 2760 exspectationi
1230 2711 1438 2750 satisfacere
1466 2714 1580 2763 potui.
1639 2715 1712 2754 Sed

128 2775 269 2813 Abelus
300 2774 394 2811 meis
430 2774 567 2824 apertis
603 2773 684 2810 illas
718 2773 842 2811 Juello
876 2774 1040 2812 Londini
1075 2775 1238 2812 tradidit.
1308 2776 1485 2815 Promisit
1513 2779 1545 2816 is
1574 2779 1710 2822 Abclo‚

129 2853 169 2877 se
198 2839 409 2890 exemplum
440 2851 550 2889 quam
580 2838 738 2889 primum
771 2838 816 2875 ad
848 2851 908 2876 me
941 2839 1150 2877 missurum.
1208 2841 1395 2879 Pollicitis
1425 2844 1527 2880 dices
1559 2846 1711 2893 quilibet

128 2918 200 2941 esse
225 2908 357 2954 polest.
415 2903 610 2941 Pollicitus
639 2909 708 2947 est,
737 2909 776 2940 at
800 2903 890 2940 nihil
915 2909 1111 2954 praetcrea.
1166 2903 1226 2942 Sic
1256 2911 1294 2942 et
1321 2911 1358 2943 te
1387 2913 1424 2944 et
1450 2920 1511 2945 me
1540 2914 1578 2945 et
1608 2909 1708 2946 Hor-

128 2980 216 3006 num
253 2969 492 3007 defi-nudavit.
562 2967 616 3005 At
653 2981 726 3019 ego
763 2967 834 3006 hoc
872 2969 1016 3019 imputo
1058 2969 1214 3008 infinitis
1254 2971 1432 3021 negotiis,
1470 2973 1601 3023 quibus
1646 2974 1706 3011 ille
