<?xml version="1.0" encoding="UTF-8"?>
<!DOCTYPE html PUBLIC "-//W3C//DTD XHTML 1.0 Transitional//EN"
    "http://www.w3.org/TR/xhtml1/DTD/xhtml1-transitional.dtd">
<html xmlns="http://www.w3.org/1999/xhtml" xml:lang="en" lang="en">
 <head>
  <title>
</title>
<meta http-equiv="Content-Type" content="text/html;charset=utf-8" />
  <meta name='ocr-system' content='tesseract 3.04.00' />
  <meta name='ocr-capabilities' content='ocr_page ocr_carea ocr_par ocr_line ocrx_word'/>
</head>
<body>
  <div class='ocr_page' id='page_1' title='image "./zurichletterscom02hunt_0485.png"; bbox 0 0 1845 3233; ppageno 0'>
   <div class='ocr_carea' id='block_1_1' title="bbox 85 146 1676 211">
    <p class='ocr_par' dir='ltr' id='par_1_1' title="bbox 85 146 1676 211">
     <span class='ocr_line' id='line_1_1' title="bbox 85 146 1676 211; baseline -0.006 -16"><span class='ocrx_word' id='word_1_1' title='bbox 85 153 203 211; x_wconf 62' lang='lat' dir='ltr'>CXV]</span> <span class='ocrx_word' id='word_1_2' title='bbox 376 167 573 194; x_wconf 72' lang='lat' dir='ltr'>RICARDUS</span> <span class='ocrx_word' id='word_1_3' title='bbox 606 167 733 194; x_wconf 85' lang='lat' dir='ltr'>COXUS</span> <span class='ocrx_word' id='word_1_4' title='bbox 764 165 819 191; x_wconf 74' lang='lat' dir='ltr'>AD</span> <span class='ocrx_word' id='word_1_5' title='bbox 850 165 1096 192; x_wconf 81' lang='lat' dir='ltr'><strong>RODOLPHUM</strong></span> <span class='ocrx_word' id='word_1_6' title='bbox 1132 160 1393 190; x_wconf 75' lang='lat' dir='ltr'>GUALTERUM.</span> <span class='ocrx_word' id='word_1_7' title='bbox 1592 146 1676 192; x_wconf 72' lang='lat'>175</span> 
     </span>
    </p>
   </div>
   <div class='ocr_carea' id='block_1_2' title="bbox 84 275 1718 2957">
    <p class='ocr_par' dir='ltr' id='par_1_2' title="bbox 84 275 1718 2457">
     <span class='ocr_line' id='line_1_2' title="bbox 84 275 1676 332; baseline -0.004 -11"><span class='ocrx_word' id='word_1_8' title='bbox 84 283 231 320; x_wconf 88' lang='lat' dir='ltr'>illorum</span> <span class='ocrx_word' id='word_1_9' title='bbox 262 282 435 320; x_wconf 89' lang='lat' dir='ltr'>candoris</span> <span class='ocrx_word' id='word_1_10' title='bbox 462 283 532 320; x_wconf 90' lang='lat' dir='ltr'>tibi</span> <span class='ocrx_word' id='word_1_11' title='bbox 564 281 790 332; x_wconf 86' lang='lat' dir='ltr'>depingam;</span> <span class='ocrx_word' id='word_1_12' title='bbox 828 280 1040 318; x_wconf 88' lang='lat' dir='ltr'>universum</span> <span class='ocrx_word' id='word_1_13' title='bbox 1070 278 1241 316; x_wconf 75' lang='lat' dir='ltr'>ecclesiae</span> <span class='ocrx_word' id='word_1_14' title='bbox 1273 282 1417 316; x_wconf 84' lang='lat' dir='ltr'>nostrae</span> <span class='ocrx_word' id='word_1_15' title='bbox 1447 275 1676 326; x_wconf 73' lang='lat' dir='ltr'>Anglieanve</span> 
     </span>
     <span class='ocr_line' id='line_1_3' title="bbox 88 341 1679 392; baseline -0.004 -9"><span class='ocrx_word' id='word_1_16' title='bbox 88 346 259 384; x_wconf 85' lang='lat' dir='ltr'><strong>ordinem</strong></span> <span class='ocrx_word' id='word_1_17' title='bbox 284 347 470 385; x_wconf 89' lang='lat' dir='ltr'>invertere</span> <span class='ocrx_word' id='word_1_18' title='bbox 489 347 616 385; x_wconf 89' lang='lat' dir='ltr'>sedulo</span> <span class='ocrx_word' id='word_1_19' title='bbox 635 351 830 383; x_wconf 89' lang='lat' dir='ltr'>conantur.</span> <span class='ocrx_word' id='word_1_20' title='bbox 886 344 1031 382; x_wconf 80' lang='lat' dir='ltr'>Noctes</span> <span class='ocrx_word' id='word_1_21' title='bbox 1050 348 1089 380; x_wconf 89' lang='lat' dir='ltr'>et</span> <span class='ocrx_word' id='word_1_22' title='bbox 1108 343 1187 380; x_wconf 89' lang='lat' dir='ltr'>dies</span> <span class='ocrx_word' id='word_1_23' title='bbox 1217 348 1254 379; x_wconf 91' lang='lat' dir='ltr'>et</span> <span class='ocrx_word' id='word_1_24' title='bbox 1281 341 1450 392; x_wconf 89' lang='lat' dir='ltr'>plebeios</span> <span class='ocrx_word' id='word_1_25' title='bbox 1474 346 1513 377; x_wconf 89' lang='lat' dir='ltr'>et</span> <span class='ocrx_word' id='word_1_26' title='bbox 1530 341 1679 378; x_wconf 89' lang='lat' dir='ltr'>nobiles</span> 
     </span>
     <span class='ocr_line' id='line_1_4' title="bbox 90 405 1679 462; baseline -0.003 -15"><span class='ocrx_word' id='word_1_27' title='bbox 90 411 292 455; x_wconf 85' lang='lat' dir='ltr'>solicitant,</span> <span class='ocrx_word' id='word_1_28' title='bbox 322 411 559 462; x_wconf 84' lang='lat' dir='ltr'>incitantquc</span> <span class='ocrx_word' id='word_1_29' title='bbox 586 411 634 448; x_wconf 88' lang='lat' dir='ltr'>ad</span> <span class='ocrx_word' id='word_1_30' title='bbox 657 410 784 447; x_wconf 90' lang='lat' dir='ltr'>odium</span> <span class='ocrx_word' id='word_1_31' title='bbox 807 421 950 453; x_wconf 90' lang='lat' dir='ltr'>eorum,</span> <span class='ocrx_word' id='word_1_32' title='bbox 980 408 1042 459; x_wconf 84' lang='lat' dir='ltr'>qui</span> <span class='ocrx_word' id='word_1_33' title='bbox 1066 409 1159 458; x_wconf 86' lang='lat' dir='ltr'>jam,</span> <span class='ocrx_word' id='word_1_34' title='bbox 1192 406 1366 444; x_wconf 89' lang='lat' dir='ltr'>abdicato</span> <span class='ocrx_word' id='word_1_35' title='bbox 1395 405 1578 456; x_wconf 84' lang='lat' dir='ltr'>papismo,</span> <span class='ocrx_word' id='word_1_36' title='bbox 1609 407 1679 443; x_wconf 87' lang='lat' dir='ltr'>mi-</span> 
     </span>
     <span class='ocr_line' id='line_1_5' title="bbox 89 470 1684 526; baseline -0.004 -14"><span class='ocrx_word' id='word_1_37' title='bbox 89 475 244 513; x_wconf 89' lang='lat' dir='ltr'>nisterio</span> <span class='ocrx_word' id='word_1_38' title='bbox 268 476 431 515; x_wconf 89' lang='lat' dir='ltr'>fideliter</span> <span class='ocrx_word' id='word_1_39' title='bbox 450 476 669 526; x_wconf 87' lang='lat' dir='ltr'>funguntur,</span> <span class='ocrx_word' id='word_1_40' title='bbox 694 474 881 524; x_wconf 88' lang='lat' dir='ltr'>fidemque</span> <span class='ocrx_word' id='word_1_41' title='bbox 905 486 1032 510; x_wconf 90' lang='lat' dir='ltr'>eorum</span> <span class='ocrx_word' id='word_1_42' title='bbox 1063 471 1162 522; x_wconf 90' lang='lat' dir='ltr'>apud</span> <span class='ocrx_word' id='word_1_43' title='bbox 1192 484 1324 508; x_wconf 87' lang='lat' dir='ltr'>omnes</span> <span class='ocrx_word' id='word_1_44' title='bbox 1353 470 1541 507; x_wconf 86' lang='lat' dir='ltr'>infirmare</span> <span class='ocrx_word' id='word_1_45' title='bbox 1572 477 1684 521; x_wconf 90' lang='lat' dir='ltr'>atque</span> 
     </span>
     <span class='ocr_line' id='line_1_6' title="bbox 89 534 1718 591; baseline -0.002 -16"><span class='ocrx_word' id='word_1_46' title='bbox 89 539 234 577; x_wconf 90' lang='lat' dir='ltr'>elevare</span> <span class='ocrx_word' id='word_1_47' title='bbox 265 545 456 591; x_wconf 85' lang='lat' dir='ltr'>satagunt.</span> <span class='ocrx_word' id='word_1_48' title='bbox 515 540 560 577; x_wconf 92' lang='lat' dir='ltr'>In</span> <span class='ocrx_word' id='word_1_49' title='bbox 585 552 658 590; x_wconf 92' lang='lat' dir='ltr'>qua</span> <span class='ocrx_word' id='word_1_50' title='bbox 674 551 714 576; x_wconf 93' lang='lat' dir='ltr'>re</span> <span class='ocrx_word' id='word_1_51' title='bbox 738 545 780 576; x_wconf 90' lang='lat' dir='ltr'>ut</span> <span class='ocrx_word' id='word_1_52' title='bbox 805 538 990 588; x_wconf 79' lang='lat' dir='ltr'>gratiores</span> <span class='ocrx_word' id='word_1_53' title='bbox 1019 542 1057 574; x_wconf 85' lang='lat' dir='ltr'>et</span> <span class='ocrx_word' id='word_1_54' title='bbox 1081 535 1354 587; x_wconf 87' lang='lat' dir='ltr'>plausibiliores</span> <span class='ocrx_word' id='word_1_55' title='bbox 1385 534 1489 580; x_wconf 87' lang='lat' dir='ltr'>fiant,</span> <span class='ocrx_word' id='word_1_56' title='bbox 1522 534 1686 585; x_wconf 76' lang='lat' dir='ltr'>harpyiis</span> <span class='ocrx_word' id='word_1_57' title='bbox 1713 554 1718 558; x_wconf 94' lang='lat'>·</span> 
     </span>
     <span class='ocr_line' id='line_1_7' title="bbox 90 598 1684 655; baseline -0.001 -16"><span class='ocrx_word' id='word_1_58' title='bbox 90 604 242 649; x_wconf 87' lang='lat' dir='ltr'>nostris,</span> <span class='ocrx_word' id='word_1_59' title='bbox 276 618 362 655; x_wconf 77' lang='lat' dir='ltr'>quae</span> <span class='ocrx_word' id='word_1_60' title='bbox 391 604 531 655; x_wconf 81' lang='lat' dir='ltr'>praedis</span> <span class='ocrx_word' id='word_1_61' title='bbox 558 610 597 641; x_wconf 90' lang='lat' dir='ltr'>et</span> <span class='ocrx_word' id='word_1_62' title='bbox 624 603 764 654; x_wconf 82' lang='lat' dir='ltr'>rapinis</span> <span class='ocrx_word' id='word_1_63' title='bbox 794 602 934 640; x_wconf 87' lang='lat' dir='ltr'>nostris</span> <span class='ocrx_word' id='word_1_64' title='bbox 959 601 1064 638; x_wconf 83' lang='lat' dir='ltr'>avide</span> <span class='ocrx_word' id='word_1_65' title='bbox 1094 601 1254 646; x_wconf 87' lang='lat' dir='ltr'>inhiant,</span> <span class='ocrx_word' id='word_1_66' title='bbox 1285 599 1523 637; x_wconf 89' lang='lat' dir='ltr'>eeclesiarum</span> <span class='ocrx_word' id='word_1_67' title='bbox 1554 598 1684 637; x_wconf 85' lang='lat' dir='ltr'>cathe-</span> 
     </span>
     <span class='ocr_line' id='line_1_8' title="bbox 90 663 1684 719; baseline -0.001 -15"><span class='ocrx_word' id='word_1_68' title='bbox 90 667 249 705; x_wconf 88' lang='lat' dir='ltr'>dralium</span> <span class='ocrx_word' id='word_1_69' title='bbox 287 675 490 719; x_wconf 88' lang='lat' dir='ltr'>proventus</span> <span class='ocrx_word' id='word_1_70' title='bbox 527 682 570 706; x_wconf 87' lang='lat' dir='ltr'>ac</span> <span class='ocrx_word' id='word_1_71' title='bbox 607 668 749 705; x_wconf 89' lang='lat' dir='ltr'>reditus</span> <span class='ocrx_word' id='word_1_72' title='bbox 785 668 825 704; x_wconf 88' lang='lat' dir='ltr'>in</span> <span class='ocrx_word' id='word_1_73' title='bbox 862 666 956 704; x_wconf 90' lang='lat' dir='ltr'>alios</span> <span class='ocrx_word' id='word_1_74' title='bbox 992 665 1122 703; x_wconf 88' lang='lat' dir='ltr'>neseio</span> <span class='ocrx_word' id='word_1_75' title='bbox 1159 677 1251 715; x_wconf 89' lang='lat' dir='ltr'>quos</span> <span class='ocrx_word' id='word_1_76' title='bbox 1288 677 1376 701; x_wconf 86' lang='lat' dir='ltr'>usus</span> <span class='ocrx_word' id='word_1_77' title='bbox 1408 663 1684 702; x_wconf 87' lang='lat' dir='ltr'>transferendos</span> 
     </span>
     <span class='ocr_line' id='line_1_9' title="bbox 90 727 1685 781; baseline -0.003 -13"><span class='ocrx_word' id='word_1_78' title='bbox 90 744 172 769; x_wconf 90' lang='lat' dir='ltr'>esse</span> <span class='ocrx_word' id='word_1_79' title='bbox 203 733 408 770; x_wconf 87' lang='lat' dir='ltr'>clamitant.</span> <span class='ocrx_word' id='word_1_80' title='bbox 465 732 548 771; x_wconf 90' lang='lat' dir='ltr'>Nee</span> <span class='ocrx_word' id='word_1_81' title='bbox 575 732 668 769; x_wconf 89' lang='lat' dir='ltr'>alios</span> <span class='ocrx_word' id='word_1_82' title='bbox 700 731 898 781; x_wconf 88' lang='lat' dir='ltr'>episcopos</span> <span class='ocrx_word' id='word_1_83' title='bbox 928 729 1165 768; x_wconf 87' lang='lat' dir='ltr'>contendunt</span> <span class='ocrx_word' id='word_1_84' title='bbox 1195 742 1274 765; x_wconf 88' lang='lat' dir='ltr'>esse</span> <span class='ocrx_word' id='word_1_85' title='bbox 1306 727 1582 778; x_wconf 72' lang='lat' dir='ltr'>praeficiendos,</span> <span class='ocrx_word' id='word_1_86' title='bbox 1611 728 1685 765; x_wconf 89' lang='lat' dir='ltr'>nisi</span> 
     </span>
     <span class='ocr_line' id='line_1_10' title="bbox 89 791 1688 847; baseline -0.003 -15"><span class='ocrx_word' id='word_1_87' title='bbox 89 795 128 832; x_wconf 91' lang='lat' dir='ltr'>in</span> <span class='ocrx_word' id='word_1_88' title='bbox 150 796 308 847; x_wconf 87' lang='lat' dir='ltr'>singulis</span> <span class='ocrx_word' id='word_1_89' title='bbox 326 796 501 847; x_wconf 86' lang='lat' dir='ltr'>paroeciis</span> <span class='ocrx_word' id='word_1_90' title='bbox 522 796 691 846; x_wconf 87' lang='lat' dir='ltr'>singulos</span> <span class='ocrx_word' id='word_1_91' title='bbox 715 801 902 845; x_wconf 85' lang='lat' dir='ltr'>pastores,</span> <span class='ocrx_word' id='word_1_92' title='bbox 921 806 1078 844; x_wconf 89' lang='lat' dir='ltr'>quorum</span> <span class='ocrx_word' id='word_1_93' title='bbox 1098 805 1281 830; x_wconf 87' lang='lat' dir='ltr'>summam</span> <span class='ocrx_word' id='word_1_94' title='bbox 1302 791 1432 829; x_wconf 91' lang='lat' dir='ltr'>volunt</span> <span class='ocrx_word' id='word_1_95' title='bbox 1456 805 1538 829; x_wconf 84' lang='lat' dir='ltr'>esse</span> <span class='ocrx_word' id='word_1_96' title='bbox 1558 797 1688 829; x_wconf 87' lang='lat' dir='ltr'>aucto-</span> 
     </span>
     <span class='ocr_line' id='line_1_11' title="bbox 89 855 1687 911; baseline -0.003 -13"><span class='ocrx_word' id='word_1_97' title='bbox 89 860 241 898; x_wconf 86' lang='lat' dir='ltr'>ritatem</span> <span class='ocrx_word' id='word_1_98' title='bbox 257 874 342 898; x_wconf 91' lang='lat' dir='ltr'>cum</span> <span class='ocrx_word' id='word_1_99' title='bbox 357 874 425 897; x_wconf 90' lang='lat' dir='ltr'>suo</span> <span class='ocrx_word' id='word_1_100' title='bbox 444 860 673 911; x_wconf 88' lang='lat' dir='ltr'>presbyterio</span> <span class='ocrx_word' id='word_1_101' title='bbox 691 858 850 910; x_wconf 85' lang='lat' dir='ltr'>regendi</span> <span class='ocrx_word' id='word_1_102' title='bbox 865 864 1009 896; x_wconf 85' lang='lat' dir='ltr'>ceteros</span> <span class='ocrx_word' id='word_1_103' title='bbox 1027 856 1287 908; x_wconf 85' lang='lat' dir='ltr'>parochianos.</span> <span class='ocrx_word' id='word_1_104' title='bbox 1316 855 1441 907; x_wconf 85' lang='lat' dir='ltr'><strong>Atque</strong></span> <span class='ocrx_word' id='word_1_105' title='bbox 1455 855 1526 893; x_wconf 88' lang='lat' dir='ltr'>hae</span> <span class='ocrx_word' id='word_1_106' title='bbox 1540 856 1687 895; x_wconf 89' lang='lat' dir='ltr'>ratione</span> 
     </span>
     <span class='ocr_line' id='line_1_12' title="bbox 93 921 1688 977; baseline -0.003 -14"><span class='ocrx_word' id='word_1_107' title='bbox 93 940 198 964; x_wconf 83' lang='lat' dir='ltr'>suam</span> <span class='ocrx_word' id='word_1_108' title='bbox 227 926 376 977; x_wconf 85' lang='lat' dir='ltr'>erigunt</span> <span class='ocrx_word' id='word_1_109' title='bbox 400 931 513 976; x_wconf 87' lang='lat' dir='ltr'>atque</span> <span class='ocrx_word' id='word_1_110' title='bbox 539 925 733 963; x_wconf 84' lang='lat' dir='ltr'>stabiliunt</span> <span class='ocrx_word' id='word_1_111' title='bbox 759 924 1029 975; x_wconf 81' lang='lat' dir='ltr'>aeq1.1alitatem.</span> <span class='ocrx_word' id='word_1_112' title='bbox 1088 923 1234 960; x_wconf 80' lang='lat' dir='ltr'>Praeter</span> <span class='ocrx_word' id='word_1_113' title='bbox 1252 921 1348 960; x_wconf 78' lang='lat' dir='ltr'>lianc</span> <span class='ocrx_word' id='word_1_114' title='bbox 1373 921 1513 958; x_wconf 89' lang='lat' dir='ltr'>nullam</span> <span class='ocrx_word' id='word_1_115' title='bbox 1532 922 1688 959; x_wconf 90' lang='lat' dir='ltr'>omnino</span> 
     </span>
     <span class='ocr_line' id='line_1_13' title="bbox 93 986 1689 1041; baseline -0.004 -13"><span class='ocrx_word' id='word_1_116' title='bbox 93 1003 302 1041; x_wconf 83' lang='lat' dir='ltr'>agnoscere</span> <span class='ocrx_word' id='word_1_117' title='bbox 324 990 456 1027; x_wconf 92' lang='lat' dir='ltr'>volunt</span> <span class='ocrx_word' id='word_1_118' title='bbox 476 990 647 1027; x_wconf 77' lang='lat' dir='ltr'>eeclesiae</span> <span class='ocrx_word' id='word_1_119' title='bbox 675 989 998 1040; x_wconf 83' lang='lat' dir='ltr'>gubernationem.</span> <span class='ocrx_word' id='word_1_120' title='bbox 1054 987 1243 1024; x_wconf 80' lang='lat' dir='ltr'>Praeterea</span> <span class='ocrx_word' id='word_1_121' title='bbox 1262 986 1397 1024; x_wconf 89' lang='lat' dir='ltr'>fundos</span> <span class='ocrx_word' id='word_1_122' title='bbox 1421 992 1459 1023; x_wconf 89' lang='lat' dir='ltr'>et</span> <span class='ocrx_word' id='word_1_123' title='bbox 1484 986 1586 1023; x_wconf 84' lang='lat' dir='ltr'>aedes</span> <span class='ocrx_word' id='word_1_124' title='bbox 1611 986 1689 1037; x_wconf 91' lang='lat' dir='ltr'>epi-</span> 
     </span>
     <span class='ocr_line' id='line_1_14' title="bbox 92 1050 1689 1105; baseline -0.003 -13"><span class='ocrx_word' id='word_1_125' title='bbox 92 1067 291 1105; x_wconf 90' lang='lat' dir='ltr'>scoporum</span> <span class='ocrx_word' id='word_1_126' title='bbox 306 1054 400 1091; x_wconf 89' lang='lat' dir='ltr'>verti</span> <span class='ocrx_word' id='word_1_127' title='bbox 418 1054 550 1091; x_wconf 89' lang='lat' dir='ltr'>volunt</span> <span class='ocrx_word' id='word_1_128' title='bbox 574 1054 611 1090; x_wconf 91' lang='lat' dir='ltr'>in</span> <span class='ocrx_word' id='word_1_129' title='bbox 630 1054 712 1104; x_wconf 89' lang='lat' dir='ltr'>pios</span> <span class='ocrx_word' id='word_1_130' title='bbox 731 1066 830 1090; x_wconf 87' lang='lat' dir='ltr'>usus.</span> <span class='ocrx_word' id='word_1_131' title='bbox 876 1052 941 1097; x_wconf 89' lang='lat' dir='ltr'>At,</span> <span class='ocrx_word' id='word_1_132' title='bbox 961 1051 1070 1102; x_wconf 85' lang='lat' dir='ltr'>talpis</span> <span class='ocrx_word' id='word_1_133' title='bbox 1089 1051 1279 1096; x_wconf 81' lang='lat' dir='ltr'>caecioreS,</span> <span class='ocrx_word' id='word_1_134' title='bbox 1299 1064 1375 1088; x_wconf 87' lang='lat' dir='ltr'>non</span> <span class='ocrx_word' id='word_1_135' title='bbox 1395 1050 1523 1087; x_wconf 87' lang='lat' dir='ltr'>vident</span> <span class='ocrx_word' id='word_1_136' title='bbox 1542 1063 1564 1087; x_wconf 89' lang='lat' dir='ltr'>a</span> <span class='ocrx_word' id='word_1_137' title='bbox 1583 1063 1689 1088; x_wconf 85' lang='lat' dir='ltr'>vora-</span> 
     </span>
     <span class='ocr_line' id='line_1_15' title="bbox 93 1116 1690 1169; baseline -0.003 -12"><span class='ocrx_word' id='word_1_138' title='bbox 93 1120 198 1157; x_wconf 88' lang='lat' dir='ltr'>cibus</span> <span class='ocrx_word' id='word_1_139' title='bbox 216 1119 312 1169; x_wconf 89' lang='lat' dir='ltr'>lupis</span> <span class='ocrx_word' id='word_1_140' title='bbox 337 1131 428 1156; x_wconf 89' lang='lat' dir='ltr'>mox</span> <span class='ocrx_word' id='word_1_141' title='bbox 447 1131 528 1156; x_wconf 87' lang='lat' dir='ltr'>esse</span> <span class='ocrx_word' id='word_1_142' title='bbox 548 1118 794 1156; x_wconf 86' lang='lat' dir='ltr'>devorandos.</span> <span class='ocrx_word' id='word_1_143' title='bbox 848 1118 944 1154; x_wconf 89' lang='lat' dir='ltr'>Sunt</span> <span class='ocrx_word' id='word_1_144' title='bbox 963 1116 1061 1167; x_wconf 88' lang='lat' dir='ltr'>apud</span> <span class='ocrx_word' id='word_1_145' title='bbox 1084 1128 1155 1153; x_wconf 90' lang='lat' dir='ltr'>nos</span> <span class='ocrx_word' id='word_1_146' title='bbox 1182 1119 1232 1153; x_wconf 70' lang='lat'>23</span> <span class='ocrx_word' id='word_1_147' title='bbox 1251 1116 1502 1165; x_wconf 78' lang='lat' dir='ltr'>episcopatuS,</span> <span class='ocrx_word' id='word_1_148' title='bbox 1531 1128 1690 1165; x_wconf 89' lang='lat' dir='ltr'>quorum</span> 
     </span>
     <span class='ocr_line' id='line_1_16' title="bbox 93 1180 1691 1234; baseline -0.002 -14"><span class='ocrx_word' id='word_1_149' title='bbox 93 1183 156 1221; x_wconf 86' lang='lat' dir='ltr'>alii</span> <span class='ocrx_word' id='word_1_150' title='bbox 182 1184 272 1221; x_wconf 86' lang='lat' dir='ltr'>satis</span> <span class='ocrx_word' id='word_1_151' title='bbox 301 1189 434 1220; x_wconf 90' lang='lat' dir='ltr'>tenues</span> <span class='ocrx_word' id='word_1_152' title='bbox 464 1182 605 1220; x_wconf 91' lang='lat' dir='ltr'>habent</span> <span class='ocrx_word' id='word_1_153' title='bbox 634 1182 886 1234; x_wconf 87' lang='lat' dir='ltr'>posessiones,</span> <span class='ocrx_word' id='word_1_154' title='bbox 915 1181 977 1218; x_wconf 90' lang='lat' dir='ltr'>alii</span> <span class='ocrx_word' id='word_1_155' title='bbox 1009 1181 1230 1224; x_wconf 89' lang='lat' dir='ltr'>medioeres,</span> <span class='ocrx_word' id='word_1_156' title='bbox 1258 1180 1321 1216; x_wconf 88' lang='lat' dir='ltr'>alii</span> <span class='ocrx_word' id='word_1_157' title='bbox 1348 1180 1586 1230; x_wconf 83' lang='lat' dir='ltr'>pinguiores:</span> <span class='ocrx_word' id='word_1_158' title='bbox 1627 1180 1691 1217; x_wconf 90' lang='lat' dir='ltr'>sed</span> 
     </span>
     <span class='ocr_line' id='line_1_17' title="bbox 96 1244 1691 1295; baseline -0.003 -9"><span class='ocrx_word' id='word_1_159' title='bbox 96 1261 229 1286; x_wconf 90' lang='lat' dir='ltr'>omnes</span> <span class='ocrx_word' id='word_1_160' title='bbox 258 1248 356 1285; x_wconf 84' lang='lat' dir='ltr'>intra</span> <span class='ocrx_word' id='word_1_161' title='bbox 383 1247 695 1285; x_wconf 80' lang='lat' dir='ltr'>mediocritatem.</span> <span class='ocrx_word' id='word_1_162' title='bbox 753 1247 807 1284; x_wconf 94' lang='lat' dir='ltr'>Hi</span> <span class='ocrx_word' id='word_1_163' title='bbox 837 1259 969 1283; x_wconf 91' lang='lat' dir='ltr'>omnes</span> <span class='ocrx_word' id='word_1_164' title='bbox 1003 1250 1139 1295; x_wconf 86' lang='lat' dir='ltr'>praeter</span> <span class='ocrx_word' id='word_1_165' title='bbox 1166 1244 1268 1282; x_wconf 91' lang='lat' dir='ltr'>verbi</span> <span class='ocrx_word' id='word_1_166' title='bbox 1296 1249 1334 1281; x_wconf 90' lang='lat' dir='ltr'>et</span> <span class='ocrx_word' id='word_1_167' title='bbox 1369 1250 1691 1282; x_wconf 87' lang='lat' dir='ltr'>sacramentorum</span> 
     </span>
     <span class='ocr_line' id='line_1_18' title="bbox 93 1308 1693 1361; baseline -0.003 -12"><span class='ocrx_word' id='word_1_168' title='bbox 93 1312 458 1349; x_wconf 85' lang='lat' dir='ltr'>administrationem</span> <span class='ocrx_word' id='word_1_169' title='bbox 483 1311 596 1349; x_wconf 91' lang='lat' dir='ltr'>nullis</span> <span class='ocrx_word' id='word_1_170' title='bbox 620 1311 789 1361; x_wconf 88' lang='lat' dir='ltr'>negotiis</span> <span class='ocrx_word' id='word_1_171' title='bbox 813 1324 852 1348; x_wconf 91' lang='lat' dir='ltr'>se</span> <span class='ocrx_word' id='word_1_172' title='bbox 888 1309 1115 1354; x_wconf 85' lang='lat' dir='ltr'>immiscent,</span> <span class='ocrx_word' id='word_1_173' title='bbox 1140 1308 1213 1346; x_wconf 86' lang='lat' dir='ltr'>nisi</span> <span class='ocrx_word' id='word_1_174' title='bbox 1241 1308 1288 1345; x_wconf 90' lang='lat' dir='ltr'>ad</span> <span class='ocrx_word' id='word_1_175' title='bbox 1312 1308 1407 1357; x_wconf 88' lang='lat' dir='ltr'>legis</span> <span class='ocrx_word' id='word_1_176' title='bbox 1432 1308 1693 1359; x_wconf 61' lang='lat' dir='ltr'>praescriptum</span> 
     </span>
     <span class='ocr_line' id='line_1_19' title="bbox 94 1371 1692 1425; baseline -0.003 -12"><span class='ocrx_word' id='word_1_177' title='bbox 94 1382 160 1413; x_wconf 86' lang='lat' dir='ltr'>aut</span> <span class='ocrx_word' id='word_1_178' title='bbox 188 1376 235 1413; x_wconf 89' lang='lat' dir='ltr'>ad</span> <span class='ocrx_word' id='word_1_179' title='bbox 265 1375 403 1413; x_wconf 89' lang='lat' dir='ltr'>summi</span> <span class='ocrx_word' id='word_1_180' title='bbox 430 1375 675 1425; x_wconf 82' lang='lat' dir='ltr'>magistratus</span> <span class='ocrx_word' id='word_1_181' title='bbox 704 1374 936 1412; x_wconf 87' lang='lat' dir='ltr'>mandatum.</span> <span class='ocrx_word' id='word_1_182' title='bbox 994 1373 1128 1424; x_wconf 83' lang='lat' dir='ltr'>Neque</span> <span class='ocrx_word' id='word_1_183' title='bbox 1159 1373 1198 1410; x_wconf 90' lang='lat' dir='ltr'>in</span> <span class='ocrx_word' id='word_1_184' title='bbox 1228 1371 1299 1417; x_wconf 88' lang='lat' dir='ltr'>his,</span> <span class='ocrx_word' id='word_1_185' title='bbox 1330 1372 1432 1422; x_wconf 89' lang='lat' dir='ltr'>quod</span> <span class='ocrx_word' id='word_1_186' title='bbox 1464 1372 1593 1417; x_wconf 89' lang='lat' dir='ltr'>sciam,</span> <span class='ocrx_word' id='word_1_187' title='bbox 1625 1372 1692 1410; x_wconf 91' lang='lat' dir='ltr'>du-</span> 
     </span>
     <span class='ocr_line' id='line_1_20' title="bbox 92 1437 1688 1490; baseline -0.002 -12"><span class='ocrx_word' id='word_1_188' title='bbox 92 1440 185 1478; x_wconf 83' lang='lat' dir='ltr'>riter</span> <span class='ocrx_word' id='word_1_189' title='bbox 212 1453 298 1478; x_wconf 89' lang='lat' dir='ltr'>cum</span> <span class='ocrx_word' id='word_1_190' title='bbox 323 1439 498 1477; x_wconf 87' lang='lat' dir='ltr'>fratribus</span> <span class='ocrx_word' id='word_1_191' title='bbox 520 1445 660 1489; x_wconf 86' lang='lat' dir='ltr'>agunt;</span> <span class='ocrx_word' id='word_1_192' title='bbox 697 1439 762 1476; x_wconf 90' lang='lat' dir='ltr'>sed</span> <span class='ocrx_word' id='word_1_193' title='bbox 791 1452 875 1490; x_wconf 84' lang='lat' dir='ltr'>quae</span> <span class='ocrx_word' id='word_1_194' title='bbox 898 1439 990 1476; x_wconf 88' lang='lat' dir='ltr'>dura</span> <span class='ocrx_word' id='word_1_195' title='bbox 1017 1443 1117 1483; x_wconf 88' lang='lat' dir='ltr'>sunt,</span> <span class='ocrx_word' id='word_1_196' title='bbox 1146 1437 1240 1475; x_wconf 89' lang='lat' dir='ltr'>mira</span> <span class='ocrx_word' id='word_1_197' title='bbox 1266 1437 1423 1474; x_wconf 83' lang='lat' dir='ltr'>lenitate</span> <span class='ocrx_word' id='word_1_198' title='bbox 1454 1442 1688 1487; x_wconf 83' lang='lat' dir='ltr'>temperant:</span> 
     </span>
     <span class='ocr_line' id='line_1_21' title="bbox 94 1501 1695 1555; baseline -0.002 -13"><span class='ocrx_word' id='word_1_199' title='bbox 94 1504 134 1541; x_wconf 92' lang='lat' dir='ltr'>id</span> <span class='ocrx_word' id='word_1_200' title='bbox 176 1505 277 1555; x_wconf 88' lang='lat' dir='ltr'>quod</span> <span class='ocrx_word' id='word_1_201' title='bbox 320 1505 491 1542; x_wconf 83' lang='lat' dir='ltr'>dolenter</span> <span class='ocrx_word' id='word_1_202' title='bbox 530 1509 857 1554; x_wconf 86' lang='lat' dir='ltr'>conquererentur,</span> <span class='ocrx_word' id='word_1_203' title='bbox 903 1503 934 1540; x_wconf 85' lang='lat' dir='ltr'>si</span> <span class='ocrx_word' id='word_1_204' title='bbox 969 1508 1099 1539; x_wconf 90' lang='lat' dir='ltr'>nostra</span> <span class='ocrx_word' id='word_1_205' title='bbox 1138 1501 1353 1552; x_wconf 88' lang='lat' dir='ltr'>jurisdictio</span> <span class='ocrx_word' id='word_1_206' title='bbox 1395 1502 1442 1538; x_wconf 85' lang='lat' dir='ltr'>ad</span> <span class='ocrx_word' id='word_1_207' title='bbox 1478 1501 1607 1546; x_wconf 85' lang='lat' dir='ltr'>laicos,</span> <span class='ocrx_word' id='word_1_208' title='bbox 1652 1507 1695 1539; x_wconf 90' lang='lat' dir='ltr'>ut</span> 
     </span>
     <span class='ocr_line' id='line_1_22' title="bbox 94 1565 1691 1614; baseline -0.002 -8"><span class='ocrx_word' id='word_1_209' title='bbox 94 1574 247 1614; x_wconf 86' lang='lat' dir='ltr'>vocant,</span> <span class='ocrx_word' id='word_1_210' title='bbox 281 1568 552 1606; x_wconf 85' lang='lat' dir='ltr'>transferretur.</span> <span class='ocrx_word' id='word_1_211' title='bbox 626 1568 751 1605; x_wconf 89' lang='lat' dir='ltr'>Facile</span> <span class='ocrx_word' id='word_1_212' title='bbox 796 1567 981 1604; x_wconf 84' lang='lat' dir='ltr'>sentirent</span> <span class='ocrx_word' id='word_1_213' title='bbox 1018 1579 1130 1604; x_wconf 86' lang='lat' dir='ltr'>aurea</span> <span class='ocrx_word' id='word_1_214' title='bbox 1168 1565 1284 1603; x_wconf 84' lang='lat' dir='ltr'>aeneis</span> <span class='ocrx_word' id='word_1_215' title='bbox 1322 1579 1404 1603; x_wconf 84' lang='lat' dir='ltr'>esse</span> <span class='ocrx_word' id='word_1_216' title='bbox 1446 1571 1691 1603; x_wconf 88' lang='lat' dir='ltr'>commutata.</span> 
     </span>
     <span class='ocr_line' id='line_1_23' title="bbox 97 1630 1692 1683; baseline -0.003 -12"><span class='ocrx_word' id='word_1_217' title='bbox 97 1634 225 1679; x_wconf 84' lang='lat' dir='ltr'>Quam</span> <span class='ocrx_word' id='word_1_218' title='bbox 251 1646 339 1671; x_wconf 88' lang='lat' dir='ltr'>vera</span> <span class='ocrx_word' id='word_1_219' title='bbox 370 1638 497 1670; x_wconf 88' lang='lat' dir='ltr'>autem</span> <span class='ocrx_word' id='word_1_220' title='bbox 532 1633 620 1678; x_wconf 89' lang='lat' dir='ltr'>sint,</span> <span class='ocrx_word' id='word_1_221' title='bbox 654 1646 739 1683; x_wconf 88' lang='lat' dir='ltr'>quae</span> <span class='ocrx_word' id='word_1_222' title='bbox 772 1632 921 1669; x_wconf 87' lang='lat' dir='ltr'>auribus</span> <span class='ocrx_word' id='word_1_223' title='bbox 953 1631 1102 1682; x_wconf 88' lang='lat' dir='ltr'>piorum</span> <span class='ocrx_word' id='word_1_224' title='bbox 1135 1636 1268 1668; x_wconf 87' lang='lat' dir='ltr'>contra</span> <span class='ocrx_word' id='word_1_225' title='bbox 1298 1643 1368 1667; x_wconf 91' lang='lat' dir='ltr'>nos</span> <span class='ocrx_word' id='word_1_226' title='bbox 1401 1630 1692 1675; x_wconf 87' lang='lat' dir='ltr'>insusurrarunt,</span> 
     </span>
     <span class='ocr_line' id='line_1_24' title="bbox 98 1693 1694 1745; baseline -0.004 -8"><span class='ocrx_word' id='word_1_227' title='bbox 98 1699 177 1737; x_wconf 89' lang='lat' dir='ltr'>dies</span> <span class='ocrx_word' id='word_1_228' title='bbox 197 1697 412 1736; x_wconf 86' lang='lat' dir='ltr'>declarabit.</span> <span class='ocrx_word' id='word_1_229' title='bbox 459 1698 510 1735; x_wconf 89' lang='lat' dir='ltr'>Et</span> <span class='ocrx_word' id='word_1_230' title='bbox 521 1701 655 1735; x_wconf 77' lang='lat' dir='ltr'>nostra</span> <span class='ocrx_word' id='word_1_231' title='bbox 668 1698 851 1745; x_wconf 78' lang='lat' dir='ltr'>gloriatio</span> <span class='ocrx_word' id='word_1_232' title='bbox 871 1699 923 1732; x_wconf 77' lang='lat' dir='ltr'>est</span> <span class='ocrx_word' id='word_1_233' title='bbox 941 1697 1199 1732; x_wconf 75' lang='lat' dir='ltr'>testimonium</span> <span class='ocrx_word' id='word_1_234' title='bbox 1218 1693 1487 1732; x_wconf 49' lang='lat' dir='ltr'>conscientiae&amp;</span> <span class='ocrx_word' id='word_1_235' title='bbox 1536 1694 1694 1732; x_wconf 85' lang='lat' dir='ltr'>Utinam</span> 
     </span>
     <span class='ocr_line' id='line_1_25' title="bbox 96 1759 1694 1814; baseline -0.003 -13"><span class='ocrx_word' id='word_1_236' title='bbox 96 1763 381 1814; x_wconf 86' lang='lat' dir='ltr'>acquiescerent</span> <span class='ocrx_word' id='word_1_237' title='bbox 404 1775 495 1799; x_wconf 87' lang='lat' dir='ltr'>sano</span> <span class='ocrx_word' id='word_1_238' title='bbox 528 1767 566 1799; x_wconf 88' lang='lat' dir='ltr'>et</span> <span class='ocrx_word' id='word_1_239' title='bbox 593 1761 767 1812; x_wconf 88' lang='lat' dir='ltr'>prudenti</span> <span class='ocrx_word' id='word_1_240' title='bbox 795 1766 862 1798; x_wconf 86' lang='lat' dir='ltr'>tuo</span> <span class='ocrx_word' id='word_1_241' title='bbox 894 1760 1068 1805; x_wconf 86' lang='lat' dir='ltr'>consilio,</span> <span class='ocrx_word' id='word_1_242' title='bbox 1093 1759 1272 1796; x_wconf 89' lang='lat' dir='ltr'>nimirum</span> <span class='ocrx_word' id='word_1_243' title='bbox 1295 1764 1337 1796; x_wconf 91' lang='lat' dir='ltr'>ut</span> <span class='ocrx_word' id='word_1_244' title='bbox 1363 1759 1578 1804; x_wconf 85' lang='lat' dir='ltr'>tolerarent,</span> <span class='ocrx_word' id='word_1_245' title='bbox 1610 1772 1694 1809; x_wconf 89' lang='lat' dir='ltr'>quae</span> 
     </span>
     <span class='ocr_line' id='line_1_26' title="bbox 96 1822 1697 1876; baseline -0.003 -12"><span class='ocrx_word' id='word_1_246' title='bbox 96 1840 175 1865; x_wconf 89' lang='lat' dir='ltr'>non</span> <span class='ocrx_word' id='word_1_247' title='bbox 212 1827 295 1864; x_wconf 85' lang='lat' dir='ltr'>sine</span> <span class='ocrx_word' id='word_1_248' title='bbox 331 1826 481 1876; x_wconf 85' lang='lat' dir='ltr'>ingenti</span> <span class='ocrx_word' id='word_1_249' title='bbox 514 1825 680 1876; x_wconf 88' lang='lat' dir='ltr'>periculo</span> <span class='ocrx_word' id='word_1_250' title='bbox 717 1824 855 1875; x_wconf 83' lang='lat' dir='ltr'>corrigi</span> <span class='ocrx_word' id='word_1_251' title='bbox 891 1824 1073 1874; x_wconf 81' lang='lat' dir='ltr'>possunt!</span> <span class='ocrx_word' id='word_1_252' title='bbox 1130 1822 1317 1874; x_wconf 83' lang='lat' dir='ltr'>Aggressi</span> <span class='ocrx_word' id='word_1_253' title='bbox 1348 1823 1510 1874; x_wconf 90' lang='lat' dir='ltr'>primum</span> <span class='ocrx_word' id='word_1_254' title='bbox 1547 1822 1697 1860; x_wconf 81' lang='lat' dir='ltr'>fuerunt</span> 
     </span>
     <span class='ocr_line' id='line_1_27' title="bbox 100 1888 1696 1943; baseline -0.003 -15"><span class='ocrx_word' id='word_1_255' title='bbox 100 1905 233 1943; x_wconf 83' lang='lat' dir='ltr'>parva3</span> <span class='ocrx_word' id='word_1_256' title='bbox 262 1891 343 1941; x_wconf 90' lang='lat' dir='ltr'>jam</span> <span class='ocrx_word' id='word_1_257' title='bbox 370 1903 459 1927; x_wconf 91' lang='lat' dir='ltr'>vero</span> <span class='ocrx_word' id='word_1_258' title='bbox 485 1903 599 1940; x_wconf 85' lang='lat' dir='ltr'>parva</span> <span class='ocrx_word' id='word_1_259' title='bbox 625 1895 664 1927; x_wconf 89' lang='lat' dir='ltr'>et</span> <span class='ocrx_word' id='word_1_260' title='bbox 690 1902 830 1939; x_wconf 84' lang='lat' dir='ltr'>magna</span> <span class='ocrx_word' id='word_1_261' title='bbox 856 1902 1001 1926; x_wconf 88' lang='lat' dir='ltr'>sursum</span> <span class='ocrx_word' id='word_1_262' title='bbox 1027 1894 1066 1925; x_wconf 91' lang='lat' dir='ltr'>et</span> <span class='ocrx_word' id='word_1_263' title='bbox 1088 1888 1261 1925; x_wconf 90' lang='lat' dir='ltr'>deorsum</span> <span class='ocrx_word' id='word_1_264' title='bbox 1286 1888 1447 1925; x_wconf 89' lang='lat' dir='ltr'>miscent</span> <span class='ocrx_word' id='word_1_265' title='bbox 1472 1893 1511 1925; x_wconf 92' lang='lat' dir='ltr'>et</span> <span class='ocrx_word' id='word_1_266' title='bbox 1538 1888 1696 1925; x_wconf 89' lang='lat' dir='ltr'>confun-</span> 
     </span>
     <span class='ocr_line' id='line_1_28' title="bbox 98 1952 1698 2004; baseline -0.003 -11"><span class='ocrx_word' id='word_1_267' title='bbox 98 1957 194 1993; x_wconf 85' lang='lat' dir='ltr'>dunt</span> <span class='ocrx_word' id='word_1_268' title='bbox 231 1955 372 2000; x_wconf 87' lang='lat' dir='ltr'>onmia,</span> <span class='ocrx_word' id='word_1_269' title='bbox 416 1954 689 2004; x_wconf 88' lang='lat' dir='ltr'>ecclesiamque</span> <span class='ocrx_word' id='word_1_270' title='bbox 730 1954 769 1990; x_wconf 93' lang='lat' dir='ltr'>in</span> <span class='ocrx_word' id='word_1_271' title='bbox 808 1966 921 2002; x_wconf 80' lang='lat' dir='ltr'>grave</span> <span class='ocrx_word' id='word_1_272' title='bbox 957 1952 1156 1990; x_wconf 88' lang='lat' dir='ltr'>discrimen</span> <span class='ocrx_word' id='word_1_273' title='bbox 1195 1952 1438 2002; x_wconf 88' lang='lat' dir='ltr'>conjicerent,</span> <span class='ocrx_word' id='word_1_274' title='bbox 1477 1952 1509 1989; x_wconf 90' lang='lat' dir='ltr'>si</span> <span class='ocrx_word' id='word_1_275' title='bbox 1547 1952 1698 2002; x_wconf 86' lang='lat' dir='ltr'>Regina</span> 
     </span>
     <span class='ocr_line' id='line_1_29' title="bbox 99 2015 1697 2069; baseline -0.004 -11"><span class='ocrx_word' id='word_1_276' title='bbox 99 2027 229 2058; x_wconf 87' lang='lat' dir='ltr'>nostra</span> <span class='ocrx_word' id='word_1_277' title='bbox 258 2018 496 2069; x_wconf 88' lang='lat' dir='ltr'>pientissima</span> <span class='ocrx_word' id='word_1_278' title='bbox 525 2031 602 2055; x_wconf 89' lang='lat' dir='ltr'>non</span> <span class='ocrx_word' id='word_1_279' title='bbox 633 2030 781 2054; x_wconf 86' lang='lat' dir='ltr'>summa</span> <span class='ocrx_word' id='word_1_280' title='bbox 812 2016 886 2054; x_wconf 88' lang='lat' dir='ltr'>fide</span> <span class='ocrx_word' id='word_1_281' title='bbox 917 2016 991 2054; x_wconf 77' lang='lat' dir='ltr'>sibi</span> <span class='ocrx_word' id='word_1_282' title='bbox 1024 2022 1226 2062; x_wconf 90' lang='lat' dir='ltr'>constaret,</span> <span class='ocrx_word' id='word_1_283' title='bbox 1255 2017 1534 2066; x_wconf 86' lang='lat' dir='ltr'>vanitatemque</span> <span class='ocrx_word' id='word_1_284' title='bbox 1563 2022 1601 2053; x_wconf 88' lang='lat' dir='ltr'>et</span> <span class='ocrx_word' id='word_1_285' title='bbox 1627 2015 1697 2053; x_wconf 83' lang='lat' dir='ltr'>ho-</span> 
     </span>
     <span class='ocr_line' id='line_1_30' title="bbox 99 2079 1698 2131; baseline -0.003 -9"><span class='ocrx_word' id='word_1_286' title='bbox 99 2084 246 2122; x_wconf 90' lang='lat' dir='ltr'>minum</span> <span class='ocrx_word' id='word_1_287' title='bbox 266 2082 405 2120; x_wconf 87' lang='lat' dir='ltr'>levium</span> <span class='ocrx_word' id='word_1_288' title='bbox 430 2081 725 2120; x_wconf 87' lang='lat' dir='ltr'>inconstantiam</span> <span class='ocrx_word' id='word_1_289' title='bbox 745 2080 1023 2118; x_wconf 82' lang='lat' dir='ltr'>exhorresceret</span> <span class='ocrx_word' id='word_1_290' title='bbox 1041 2087 1152 2131; x_wconf 88' lang='lat' dir='ltr'>atque</span> <span class='ocrx_word' id='word_1_291' title='bbox 1172 2086 1439 2130; x_wconf 87' lang='lat' dir='ltr'>compesceret.</span> <span class='ocrx_word' id='word_1_292' title='bbox 1497 2079 1552 2118; x_wconf 93' lang='lat' dir='ltr'>Ut</span> <span class='ocrx_word' id='word_1_293' title='bbox 1571 2085 1698 2117; x_wconf 87' lang='lat' dir='ltr'>autem</span> 
     </span>
     <span class='ocr_line' id='line_1_31' title="bbox 99 2144 1699 2194; baseline -0.004 -8"><span class='ocrx_word' id='word_1_294' title='bbox 99 2149 164 2187; x_wconf 83' lang='lat' dir='ltr'>isti</span> <span class='ocrx_word' id='word_1_295' title='bbox 200 2147 474 2185; x_wconf 87' lang='lat' dir='ltr'>tumultuantes</span> <span class='ocrx_word' id='word_1_296' title='bbox 511 2146 642 2184; x_wconf 87' lang='lat' dir='ltr'>fratres</span> <span class='ocrx_word' id='word_1_297' title='bbox 677 2145 898 2189; x_wconf 75' lang='lat' dir='ltr'>fraenentur,</span> <span class='ocrx_word' id='word_1_298' title='bbox 937 2144 969 2181; x_wconf 87' lang='lat' dir='ltr'>si</span> <span class='ocrx_word' id='word_1_299' title='bbox 1005 2144 1097 2194; x_wconf 90' lang='lat' dir='ltr'>quid</span> <span class='ocrx_word' id='word_1_300' title='bbox 1135 2144 1379 2194; x_wconf 85' lang='lat' dir='ltr'>magistratus</span> <span class='ocrx_word' id='word_1_301' title='bbox 1414 2144 1580 2189; x_wconf 86' lang='lat' dir='ltr'>mandat,</span> <span class='ocrx_word' id='word_1_302' title='bbox 1618 2144 1699 2194; x_wconf 88' lang='lat' dir='ltr'>ejus</span> 
     </span>
     <span class='ocr_line' id='line_1_32' title="bbox 99 2208 1698 2255; baseline -0.004 -4"><span class='ocrx_word' id='word_1_303' title='bbox 99 2212 271 2252; x_wconf 86' lang='lat' dir='ltr'>mandati</span> <span class='ocrx_word' id='word_1_304' title='bbox 289 2217 510 2249; x_wconf 86' lang='lat' dir='ltr'>executores</span> <span class='ocrx_word' id='word_1_305' title='bbox 536 2224 617 2248; x_wconf 88' lang='lat' dir='ltr'>esse</span> <span class='ocrx_word' id='word_1_306' title='bbox 643 2223 722 2248; x_wconf 90' lang='lat' dir='ltr'>non</span> <span class='ocrx_word' id='word_1_307' title='bbox 747 2210 1012 2255; x_wconf 87' lang='lat' dir='ltr'>detrectamus,</span> <span class='ocrx_word' id='word_1_308' title='bbox 1031 2208 1119 2246; x_wconf 90' lang='lat' dir='ltr'>hinc</span> <span class='ocrx_word' id='word_1_309' title='bbox 1144 2208 1263 2246; x_wconf 90' lang='lat' dir='ltr'>nimia</span> <span class='ocrx_word' id='word_1_310' title='bbox 1288 2208 1480 2253; x_wconf 86' lang='lat' dir='ltr'>severitas,</span> <span class='ocrx_word' id='word_1_311' title='bbox 1503 2221 1553 2245; x_wconf 92' lang='lat' dir='ltr'>ne</span> <span class='ocrx_word' id='word_1_312' title='bbox 1575 2208 1698 2246; x_wconf 90' lang='lat' dir='ltr'>dicam</span> 
     </span>
     <span class='ocr_line' id='line_1_33' title="bbox 101 2272 1701 2325; baseline -0.004 -10"><span class='ocrx_word' id='word_1_313' title='bbox 101 2277 316 2321; x_wconf 89' lang='lat' dir='ltr'>crudelitas,</span> <span class='ocrx_word' id='word_1_314' title='bbox 343 2276 454 2314; x_wconf 89' lang='lat' dir='ltr'>nobis</span> <span class='ocrx_word' id='word_1_315' title='bbox 487 2274 732 2325; x_wconf 84' lang='lat' dir='ltr'>injustissime</span> <span class='ocrx_word' id='word_1_316' title='bbox 758 2274 972 2324; x_wconf 90' lang='lat' dir='ltr'>imputatur.</span> <span class='ocrx_word' id='word_1_317' title='bbox 1031 2273 1104 2311; x_wconf 87' lang='lat' dir='ltr'>Sed</span> <span class='ocrx_word' id='word_1_318' title='bbox 1132 2273 1222 2311; x_wconf 90' lang='lat' dir='ltr'>illud</span> <span class='ocrx_word' id='word_1_319' title='bbox 1252 2273 1404 2310; x_wconf 90' lang='lat' dir='ltr'>unicum</span> <span class='ocrx_word' id='word_1_320' title='bbox 1429 2272 1610 2310; x_wconf 88' lang='lat' dir='ltr'>habemus</span> <span class='ocrx_word' id='word_1_321' title='bbox 1641 2286 1701 2310; x_wconf 89' lang='lat' dir='ltr'>so-</span> 
     </span>
     <span class='ocr_line' id='line_1_34' title="bbox 97 2336 1701 2390; baseline -0.003 -10"><span class='ocrx_word' id='word_1_322' title='bbox 97 2342 244 2387; x_wconf 85' lang='lat' dir='ltr'>latium,</span> <span class='ocrx_word' id='word_1_323' title='bbox 277 2340 419 2379; x_wconf 85' lang='lat' dir='ltr'>Christi</span> <span class='ocrx_word' id='word_1_324' title='bbox 450 2340 675 2390; x_wconf 86' lang='lat' dir='ltr'>religionem</span> <span class='ocrx_word' id='word_1_325' title='bbox 698 2338 876 2376; x_wconf 83' lang='lat' dir='ltr'>comitem</span> <span class='ocrx_word' id='word_1_326' title='bbox 911 2338 1048 2376; x_wconf 90' lang='lat' dir='ltr'>habere</span> <span class='ocrx_word' id='word_1_327' title='bbox 1076 2351 1238 2383; x_wconf 90' lang='lat' dir='ltr'>crucem,</span> <span class='ocrx_word' id='word_1_328' title='bbox 1273 2350 1385 2388; x_wconf 89' lang='lat' dir='ltr'>quam</span> <span class='ocrx_word' id='word_1_329' title='bbox 1416 2337 1577 2375; x_wconf 89' lang='lat' dir='ltr'>libenter</span> <span class='ocrx_word' id='word_1_330' title='bbox 1608 2336 1701 2375; x_wconf 89' lang='lat' dir='ltr'>ferre</span> 
     </span>
     <span class='ocr_line' id='line_1_35' title="bbox 95 2404 622 2457; baseline -0.006 -13"><span class='ocrx_word' id='word_1_331' title='bbox 95 2406 245 2457; x_wconf 84' lang='lat' dir='ltr'>juvabit</span> <span class='ocrx_word' id='word_1_332' title='bbox 271 2418 343 2443; x_wconf 88' lang='lat' dir='ltr'>nos</span> <span class='ocrx_word' id='word_1_333' title='bbox 372 2404 515 2455; x_wconf 86' lang='lat' dir='ltr'>Spiritu</span> <span class='ocrx_word' id='word_1_334' title='bbox 542 2416 622 2441; x_wconf 89' lang='lat' dir='ltr'>suo.</span> 
     </span>
    </p>

    <p class='ocr_par' dir='ltr' id='par_1_3' title="bbox 96 2466 1702 2957">
     <span class='ocr_line' id='line_1_36' title="bbox 179 2466 1700 2519; baseline -0.003 -12"><span class='ocrx_word' id='word_1_335' title='bbox 179 2469 296 2507; x_wconf 83' lang='lat' dir='ltr'>Filius</span> <span class='ocrx_word' id='word_1_336' title='bbox 326 2475 428 2514; x_wconf 89' lang='lat' dir='ltr'>tuus,</span> <span class='ocrx_word' id='word_1_337' title='bbox 454 2468 608 2519; x_wconf 85' lang='lat' dir='ltr'>optimae</span> <span class='ocrx_word' id='word_1_338' title='bbox 627 2467 708 2519; x_wconf 81' lang='lat' dir='ltr'>spei</span> <span class='ocrx_word' id='word_1_339' title='bbox 733 2467 960 2513; x_wconf 87' lang='lat' dir='ltr'>adolescens,</span> <span class='ocrx_word' id='word_1_340' title='bbox 984 2466 1057 2504; x_wconf 94' lang='lat' dir='ltr'>hoc</span> <span class='ocrx_word' id='word_1_341' title='bbox 1083 2467 1204 2504; x_wconf 91' lang='lat' dir='ltr'>solum</span> <span class='ocrx_word' id='word_1_342' title='bbox 1229 2466 1344 2504; x_wconf 88' lang='lat' dir='ltr'>habet</span> <span class='ocrx_word' id='word_1_343' title='bbox 1362 2472 1571 2517; x_wconf 89' lang='lat' dir='ltr'>peccatum,</span> <span class='ocrx_word' id='word_1_344' title='bbox 1599 2466 1700 2516; x_wconf 91' lang='lat' dir='ltr'>quod</span> 
     </span>
     <span class='ocr_line' id='line_1_37' title="bbox 100 2530 1702 2582; baseline -0.003 -10"><span class='ocrx_word' id='word_1_345' title='bbox 100 2534 219 2572; x_wconf 89' lang='lat' dir='ltr'>rarius</span> <span class='ocrx_word' id='word_1_346' title='bbox 248 2547 309 2570; x_wconf 88' lang='lat' dir='ltr'>me</span> <span class='ocrx_word' id='word_1_347' title='bbox 336 2532 474 2570; x_wconf 86' lang='lat' dir='ltr'>invisit.</span> <span class='ocrx_word' id='word_1_348' title='bbox 532 2533 606 2570; x_wconf 89' lang='lat' dir='ltr'>Sed</span> <span class='ocrx_word' id='word_1_349' title='bbox 634 2531 749 2569; x_wconf 90' lang='lat' dir='ltr'>modo</span> <span class='ocrx_word' id='word_1_350' title='bbox 774 2544 893 2582; x_wconf 86' lang='lat' dir='ltr'>cogor</span> <span class='ocrx_word' id='word_1_351' title='bbox 920 2531 974 2568; x_wconf 93' lang='lat' dir='ltr'>illi</span> <span class='ocrx_word' id='word_1_352' title='bbox 1004 2531 1214 2581; x_wconf 82' lang='lat' dir='ltr'>ignoscere,</span> <span class='ocrx_word' id='word_1_353' title='bbox 1243 2531 1343 2581; x_wconf 88' lang='lat' dir='ltr'>quod</span> <span class='ocrx_word' id='word_1_354' title='bbox 1369 2531 1407 2567; x_wconf 91' lang='lat' dir='ltr'>in</span> <span class='ocrx_word' id='word_1_355' title='bbox 1430 2530 1548 2568; x_wconf 85' lang='lat' dir='ltr'>altera</span> <span class='ocrx_word' id='word_1_356' title='bbox 1574 2536 1702 2568; x_wconf 88' lang='lat' dir='ltr'>nostra</span> 
     </span>
     <span class='ocr_line' id='line_1_38' title="bbox 98 2593 1699 2645; baseline -0.003 -9"><span class='ocrx_word' id='word_1_357' title='bbox 98 2598 304 2641; x_wconf 82' lang='lat' dir='ltr'>academia,</span> <span class='ocrx_word' id='word_1_358' title='bbox 327 2596 538 2635; x_wconf 87' lang='lat' dir='ltr'>Oxoniensi</span> <span class='ocrx_word' id='word_1_359' title='bbox 559 2595 716 2640; x_wconf 90' lang='lat' dir='ltr'>scilicet,</span> <span class='ocrx_word' id='word_1_360' title='bbox 736 2595 852 2645; x_wconf 85' lang='lat' dir='ltr'>longe</span> <span class='ocrx_word' id='word_1_361' title='bbox 872 2608 895 2632; x_wconf 87' lang='lat' dir='ltr'>a</span> <span class='ocrx_word' id='word_1_362' title='bbox 912 2608 972 2632; x_wconf 91' lang='lat' dir='ltr'>me</span> <span class='ocrx_word' id='word_1_363' title='bbox 997 2595 1165 2640; x_wconf 78' lang='lat' dir='ltr'>distanti,</span> <span class='ocrx_word' id='word_1_364' title='bbox 1186 2595 1304 2645; x_wconf 83' lang='lat' dir='ltr'>degit.</span> <span class='ocrx_word' id='word_1_365' title='bbox 1359 2593 1434 2631; x_wconf 90' lang='lat' dir='ltr'>Sed</span> <span class='ocrx_word' id='word_1_366' title='bbox 1459 2607 1569 2644; x_wconf 85' lang='lat' dir='ltr'>spero</span> <span class='ocrx_word' id='word_1_367' title='bbox 1593 2593 1699 2631; x_wconf 88' lang='lat' dir='ltr'>illum</span> 
     </span>
     <span class='ocr_line' id='line_1_39' title="bbox 102 2657 1701 2708; baseline -0.003 -9"><span class='ocrx_word' id='word_1_368' title='bbox 102 2675 164 2699; x_wconf 87' lang='lat' dir='ltr'>me</span> <span class='ocrx_word' id='word_1_369' title='bbox 189 2661 434 2700; x_wconf 86' lang='lat' dir='ltr'>salutaturum</span> <span class='ocrx_word' id='word_1_370' title='bbox 461 2673 543 2698; x_wconf 89' lang='lat' dir='ltr'>esse</span> <span class='ocrx_word' id='word_1_371' title='bbox 569 2659 609 2697; x_wconf 86' lang='lat' dir='ltr'>in</span> <span class='ocrx_word' id='word_1_372' title='bbox 635 2659 814 2697; x_wconf 86' lang='lat' dir='ltr'>discessu.</span> <span class='ocrx_word' id='word_1_373' title='bbox 872 2659 1081 2696; x_wconf 86' lang='lat' dir='ltr'>Prudenter</span> <span class='ocrx_word' id='word_1_374' title='bbox 1108 2672 1131 2696; x_wconf 88' lang='lat' dir='ltr'>a</span> <span class='ocrx_word' id='word_1_375' title='bbox 1158 2664 1196 2696; x_wconf 91' lang='lat' dir='ltr'>te</span> <span class='ocrx_word' id='word_1_376' title='bbox 1223 2659 1377 2703; x_wconf 86' lang='lat' dir='ltr'>factum,</span> <span class='ocrx_word' id='word_1_377' title='bbox 1407 2657 1507 2708; x_wconf 90' lang='lat' dir='ltr'>quod</span> <span class='ocrx_word' id='word_1_378' title='bbox 1530 2657 1608 2695; x_wconf 88' lang='lat' dir='ltr'>filio</span> <span class='ocrx_word' id='word_1_379' title='bbox 1633 2663 1701 2695; x_wconf 88' lang='lat' dir='ltr'>tuo</span> 
     </span>
     <span class='ocr_line' id='line_1_40' title="bbox 101 2721 1698 2776; baseline -0.004 -12"><span class='ocrx_word' id='word_1_380' title='bbox 101 2732 179 2764; x_wconf 88' lang='lat' dir='ltr'>tam</span> <span class='ocrx_word' id='word_1_381' title='bbox 202 2726 359 2776; x_wconf 90' lang='lat' dir='ltr'>provide</span> <span class='ocrx_word' id='word_1_382' title='bbox 383 2725 560 2770; x_wconf 87' lang='lat' dir='ltr'>consulis,</span> <span class='ocrx_word' id='word_1_383' title='bbox 592 2729 632 2762; x_wconf 80' lang='lat' dir='ltr'>ut</span> <span class='ocrx_word' id='word_1_384' title='bbox 658 2723 778 2761; x_wconf 88' lang='lat' dir='ltr'>instar</span> <span class='ocrx_word' id='word_1_385' title='bbox 803 2723 952 2774; x_wconf 83' lang='lat' dir='ltr'>Ulyssis</span> <span class='ocrx_word' id='word_1_386' title='bbox 979 2724 1182 2761; x_wconf 88' lang='lat' dir='ltr'>multorum</span> <span class='ocrx_word' id='word_1_387' title='bbox 1210 2735 1334 2760; x_wconf 88' lang='lat' dir='ltr'>mores</span> <span class='ocrx_word' id='word_1_388' title='bbox 1353 2728 1392 2760; x_wconf 90' lang='lat' dir='ltr'>et</span> <span class='ocrx_word' id='word_1_389' title='bbox 1420 2722 1531 2759; x_wconf 89' lang='lat' dir='ltr'>urbes</span> <span class='ocrx_word' id='word_1_390' title='bbox 1558 2721 1698 2764; x_wconf 88' lang='lat' dir='ltr'>videat,</span> 
     </span>
     <span class='ocr_line' id='line_1_41' title="bbox 101 2786 1700 2841; baseline -0.004 -12"><span class='ocrx_word' id='word_1_391' title='bbox 101 2797 152 2834; x_wconf 90' lang='lat' dir='ltr'>et,</span> <span class='ocrx_word' id='word_1_392' title='bbox 171 2798 351 2841; x_wconf 84' lang='lat' dir='ltr'>tanquam</span> <span class='ocrx_word' id='word_1_393' title='bbox 379 2789 460 2840; x_wconf 89' lang='lat' dir='ltr'>apis</span> <span class='ocrx_word' id='word_1_394' title='bbox 480 2789 619 2833; x_wconf 91' lang='lat' dir='ltr'>sedula,</span> <span class='ocrx_word' id='word_1_395' title='bbox 639 2788 820 2839; x_wconf 88' lang='lat' dir='ltr'>pietatem</span> <span class='ocrx_word' id='word_1_396' title='bbox 840 2794 952 2838; x_wconf 86' lang='lat' dir='ltr'>sugat</span> <span class='ocrx_word' id='word_1_397' title='bbox 970 2802 1017 2826; x_wconf 87' lang='lat' dir='ltr'>ex</span> <span class='ocrx_word' id='word_1_398' title='bbox 1041 2788 1216 2826; x_wconf 85' lang='lat' dir='ltr'>omnibus</span> <span class='ocrx_word' id='word_1_399' title='bbox 1237 2787 1417 2825; x_wconf 90' lang='lat' dir='ltr'>ecclesiis.</span> <span class='ocrx_word' id='word_1_400' title='bbox 1473 2787 1578 2825; x_wconf 90' lang='lat' dir='ltr'>Deus</span> <span class='ocrx_word' id='word_1_401' title='bbox 1595 2786 1700 2824; x_wconf 89' lang='lat' dir='ltr'>illum</span> 
     </span>
     <span class='ocr_line' id='line_1_42' title="bbox 96 2851 1701 2903; baseline -0.003 -10"><span class='ocrx_word' id='word_1_402' title='bbox 96 2855 274 2893; x_wconf 87' lang='lat' dir='ltr'>reducem</span> <span class='ocrx_word' id='word_1_403' title='bbox 300 2854 415 2892; x_wconf 87' lang='lat' dir='ltr'>faeiat</span> <span class='ocrx_word' id='word_1_404' title='bbox 442 2854 490 2891; x_wconf 83' lang='lat' dir='ltr'>ad</span> <span class='ocrx_word' id='word_1_405' title='bbox 516 2853 816 2892; x_wconf 88' lang='lat' dir='ltr'>benedictionem</span> <span class='ocrx_word' id='word_1_406' title='bbox 841 2852 982 2903; x_wconf 84' lang='lat' dir='ltr'>patris!</span> <span class='ocrx_word' id='word_1_407' title='bbox 1032 2852 1205 2890; x_wconf 86' lang='lat' dir='ltr'>Christus</span> <span class='ocrx_word' id='word_1_408' title='bbox 1228 2852 1341 2890; x_wconf 86' lang='lat' dir='ltr'>Jcsus</span> <span class='ocrx_word' id='word_1_409' title='bbox 1369 2857 1408 2889; x_wconf 90' lang='lat' dir='ltr'>te</span> <span class='ocrx_word' id='word_1_410' title='bbox 1431 2851 1543 2889; x_wconf 85' lang='lat' dir='ltr'>nobis</span> <span class='ocrx_word' id='word_1_411' title='bbox 1570 2851 1701 2889; x_wconf 88' lang='lat' dir='ltr'>diutis-</span> 
     </span>
     <span class='ocr_line' id='line_1_43' title="bbox 101 2917 626 2957; baseline -0.006 0"><span class='ocrx_word' id='word_1_412' title='bbox 101 2919 198 2957; x_wconf 85' lang='lat' dir='ltr'>sime</span> <span class='ocrx_word' id='word_1_413' title='bbox 225 2924 348 2957; x_wconf 87' lang='lat' dir='ltr'>servet</span> <span class='ocrx_word' id='word_1_414' title='bbox 374 2917 626 2956; x_wconf 89' lang='lat' dir='ltr'>incolumem!</span> 
     </span>
    </p>
   </div>
   <div class='ocr_carea' id='block_1_3' title="bbox 741 3001 1068 3036">
    <p class='ocr_par' dir='ltr' id='par_1_4' title="bbox 741 3001 1068 3036">
     <span class='ocr_line' id='line_1_44' title="bbox 741 3001 1068 3036; baseline 0 -6"><span class='ocrx_word' id='word_1_415' title='bbox 741 3002 762 3036; x_wconf 86' lang='lat'>[¹</span> <span class='ocrx_word' id='word_1_416' title='bbox 785 3002 848 3030; x_wconf 88' lang='lat' dir='ltr'>MS.</span> <span class='ocrx_word' id='word_1_417' title='bbox 869 3001 1068 3036; x_wconf 56' lang='lat' dir='ltr'>constantim]</span> 
     </span>
    </p>
   </div>
  </div>
 </body>
</html>
