1845 3233
160 149 323 211 cxxix]
407 168 606 195 nonnanis
642 169 800 195 nomos
835 169 889 194 An
923 168 1166 196 non0LrimM
1198 168 1453 195 cummanum
1649 158 1730 198 189

162 281 396 325 delitescunt,
423 280 614 320 vilescunt.
671 281 862 326 Quantum
888 288 1012 319 tamen
1037 282 1118 319 istis
1139 288 1192 326 tu,
1216 283 1402 328 Gualterc,
1430 282 1616 333 ceterique
1644 282 1729 321 istic

160 344 288 383 fratres
315 346 446 392 nostri,
471 347 533 397 qui
563 359 646 384 cum
675 346 746 383 illis
773 359 848 383 non
878 346 1069 391 senserint,
1097 347 1265 392 debeant,
1294 361 1339 384 ex
1371 347 1453 385 libri
1481 347 1590 394 illius,
1619 361 1727 399 quem

161 409 207 447 de
236 410 404 448 ecclesiae
432 410 605 462 Anglieae
635 424 658 448 a
687 423 773 448 vera
801 410 994 461 disciplina
1022 412 1252 449 aberratione
1282 412 1559 463 inscripserunt,
1589 414 1729 464 pagina

161 474 224 519 46,
251 475 283 512 si
312 475 500 521 evolveris,
528 475 635 514 facile
662 488 922 525 recognosces.

239 538 374 578 Cetera
395 540 543 592 quidem
572 539 668 591 apud
690 552 773 585 nos,
796 545 837 577 ut
860 540 1033 590 primum,
1056 540 1258 578 constituta
1284 548 1514 591 permanent,
1538 543 1726 594 praecipue

159 615 245 642 vero
271 610 308 642 et
335 618 408 656 pax
432 611 469 643 et
493 605 621 657 pietas.
681 604 806 642 Floret
828 605 1071 656 evangelium,
1098 618 1317 657 cursumque
1346 606 1458 645 habet
1488 607 1726 647 liberrimum.

159 669 325 707 Ecclesia
353 670 490 721 alioqui
520 670 609 708 satis
639 682 727 707 sana
755 675 823 715 est,
856 670 929 707 nisi
958 670 1057 720 quod
1088 683 1171 707 cum
1202 671 1355 721 antiquo
1388 672 1451 709 illo
1479 673 1609 710 morbo
1637 686 1726 710 con-

159 734 331 781 flictetur,
351 748 424 786 quo
451 747 593 786 semper
618 733 796 772 hactenus
819 734 930 771 etiam
954 735 1000 771 ab
1027 734 1258 772 incunabulis
1283 735 1487 773 laboravit:
1517 751 1539 774 a
1556 738 1727 788 papismo

160 799 258 836 enim
287 804 375 836 ante
405 812 612 849 supremum
645 798 785 836 Medici
814 799 910 836 illius
939 799 1069 849 magni
1100 799 1191 837 Jesu
1224 799 1363 837 Christi
1396 802 1594 838 adventum
1625 803 1727 853 peni-

160 869 219 900 tus
246 876 321 900 non
347 864 590 901 convalescet.
648 862 872 913 Respublica
893 863 1091 914 tranquilla
1112 869 1178 902 est.
1234 864 1380 914 Regina
1404 865 1505 910 vivit,
1535 867 1726 917 valetque:

159 929 279 965 valeat
311 934 435 966 autem
470 928 508 965 in
545 929 682 966 multos
718 941 848 973 annos,
889 928 1011 966 Deum
1048 934 1126 979 opt.
1162 941 1260 967 max.
1298 942 1438 979 precor,
1475 930 1646 981 vivatque
1690 932 1728 969 in

159 998 338 1030 aeternum
356 993 363 1030 !
419 992 607 1030 Maximus
626 992 792 1030 omnium
811 998 972 1030 statuum
999 998 1211 1038 conventus,
1232 1006 1341 1044 quem
1363 1007 1431 1031 nos
1449 1007 1624 1032 vocamus
1645 1009 1727 1046 par-

158 1056 386 1103 liamentum,
420 1057 572 1095 ineunte
601 1070 685 1095 vere
715 1057 850 1107 agebat
876 1057 1057 1095 Londini:
1088 1058 1235 1108 Regina
1265 1071 1352 1096 vero
1377 1064 1499 1096 vestro
1533 1059 1727 1098 Helvetio-

157 1135 237 1159 rum
269 1135 370 1160 more
401 1121 626 1160 mutationes
651 1135 729 1160 non
758 1122 940 1168 admittet,
965 1135 1049 1172 quae
1076 1122 1114 1159 in
1132 1136 1213 1159 eam
1237 1128 1363 1161 tamen
1391 1137 1517 1161 curam
1546 1125 1726 1163 incumbit

156 1191 249 1231 tota,
276 1192 317 1224 ut
343 1187 463 1238 plenis
486 1186 587 1232 velis,
617 1199 700 1224 cum
728 1186 827 1237 apud
855 1200 940 1224 suos
967 1192 1045 1224 tum
1073 1188 1168 1238 apud
1193 1194 1351 1234 exteros,
1381 1189 1566 1240 evangelii
1594 1192 1727 1229 veritas

156 1250 403 1302 provehatur¹.
459 1251 513 1290 Ut
541 1265 563 1289 a
588 1251 741 1303 parvula
771 1251 978 1301 papismum
1011 1264 1155 1303 semper
1186 1258 1241 1289 est
1275 1252 1500 1299 abominata,
1531 1254 1583 1291 ita
1615 1255 1726 1292 etiam

158 1315 493 1362 Lutheranismum,
524 1316 587 1367 qui
620 1316 776 1354 multum
811 1316 1031 1354 interturbat
1067 1315 1409 1362 Christianismum,
1444 1331 1631 1369 nunquam
1672 1326 1728 1358 est

158 1380 372 1420 admissura.

236 1445 363 1484 Scotia
380 1446 475 1483 illius
501 1445 672 1497 auspiciis
697 1445 735 1483 in
760 1458 851 1496 pura
870 1445 1052 1496 evangelii
1075 1445 1310 1484 confessione
1329 1453 1503 1486 constans
1522 1456 1724 1499 permanet.

159 1510 240 1547 Rex
260 1510 411 1561 optimis
427 1510 577 1561 pietatis
596 1524 694 1548 verae
710 1510 910 1561 praeceptis
926 1510 1112 1549 imbuitur.
1159 1511 1277 1562 Regis
1290 1518 1409 1550 mater
1423 1513 1533 1559 salva,
1554 1520 1594 1551 ut
1612 1515 1725 1564 prius,

156 1575 253 1625 apud
287 1588 355 1612 nos
393 1575 561 1612 custodia
595 1575 792 1613 detinetur.
866 1574 952 1620 Quo
990 1575 1028 1612 in
1066 1575 1149 1614 loco
1184 1576 1258 1613 sint
1293 1590 1350 1614 res
1388 1578 1557 1623 Gallicae,
1599 1579 1723 1617 scitis:

157 1638 323 1689 Belgicis
348 1639 493 1677 felicem
523 1639 663 1676 exitum
693 1645 884 1690 optamus:
923 1640 968 1677 de
997 1639 1159 1691 utrisque
1184 1641 1342 1679 multum
1372 1642 1592 1682 dubitamus
1649 1645 1723 1682 Pil-

155 1702 359 1753 kingtonus
384 1709 521 1749 noster,
546 1716 664 1754 nuper
694 1704 889 1754 episcopus
916 1703 1128 1741 Dunelmiae
1158 1704 1478 1756 vigilantissimus,
1508 1707 1606 1746 diem
1631 1709 1724 1748 obiit

153 1780 374 1818 supremum,
405 1773 443 1805 et
470 1768 580 1818 paulo
609 1773 695 1805 ante
723 1767 916 1806 dimidium
944 1767 1018 1805 mei
1046 1768 1212 1814 alterum,
1240 1782 1334 1807 uxor
1360 1783 1456 1809 mea.

234 1830 270 1868 A
298 1845 358 1869 me
391 1832 505 1878 dicas,
539 1845 682 1883 quaeso,
715 1832 870 1870 salutem
894 1832 1047 1870 multam
1070 1833 1241 1871 fratribus
1265 1835 1358 1873 meis
1387 1836 1578 1887 Tigurinis
1605 1839 1722 1877 omni-

154 1897 221 1934 bus
252 1896 343 1934 mihi
376 1897 414 1934 in
442 1897 591 1934 Christo
622 1896 883 1941 dilectissimis,
921 1910 964 1934 ac
992 1897 1213 1936 nominatim
1243 1899 1292 1937 D.
1326 1900 1495 1949 Simlero,
1526 1903 1721 1950 Lavater0‚

156 1961 322 2007 Hallero,
351 1961 445 1999 Rod.
467 1962 644 1999 Gualtero
664 1961 819 2012 juniori,
839 1967 875 1998 et
900 1961 1069 2000 Henrico
1096 1962 1315 2014 Bullingero
1336 1966 1415 2015 jam
1441 1967 1586 2005 seniori.
1643 1969 1721 2007 Do-

152 2027 273 2065 minus
304 2027 414 2065 Jesus
446 2025 616 2064 Christus
645 2039 710 2064 vos
737 2039 867 2064 omnes
895 2027 942 2064 ad
970 2027 1138 2065 ecclesiae
1166 2041 1245 2066 suae
1272 2029 1581 2070 instaurationem
1609 2048 1719 2085 quam

151 2092 355 2130 diutissime
383 2097 574 2130 conservet
601 2091 822 2130 incolumes!
878 2091 1020 2131 Valete.
1081 2093 1139 2131 Ex
1168 2093 1309 2133 aedibus
1337 2096 1431 2134 meis
1465 2097 1717 2146 lValthamiae,

155 2159 202 2195 10
231 2157 404 2208 Augusti,
436 2159 548 2196 1576.

577 2237 647 2276 Tui
677 2237 916 2289 omniumque
944 2237 1207 2290 Tigurinorum
1236 2242 1523 2291 amantissimus,

1120 2331 1400 2373 ROBERTUS
1433 2336 1663 2379 WINTON.

515 2417 774 2444 1NscmPT10.

231 2474 435 2511 Carissimo
468 2474 508 2510 z'n
544 2471 695 2510 Christo
721 2472 849 2522 fiatri
883 2471 933 2508 D.

305 2537 504 2585 Rodolplzo
560 2537 741 2574 Gualtero
787 2537 935 2582 seniori,

309 2602 509 2649 Tigurinae
525 2602 678 2639 eeclesice
689 2603 839 2650 pastori
851 2601 932 2648 di„-

304 2667 470 2704 viss-imo.

784 2767 805 2804 [¹
825 2770 886 2797 MS.
901 2769 1068 2804 proveham
