1845 3233
152 156 178 195 S
185 153 208 193 6
315 165 520 191 JOIIANNES
555 162 841 189 PARKHURSTUS
876 160 931 186 AD
961 157 1176 185 HENRICUM
1207 155 1509 182 BULLINGERUM.
1580 139 1723 196 [EPIST.

147 280 392 331 distringitur.
454 278 611 316 Veniam
636 277 746 328 petis,
780 276 879 327 quod
908 275 978 313 hoc
1002 274 1124 311 oneris
1151 272 1244 309 mihi
1270 271 1515 321 imposueris:
1552 284 1625 321 ego
1649 284 1726 309 non

150 359 242 383 onus
274 344 338 380 sed
367 342 549 379 honorem
574 341 736 385 ¹(estimo,
762 340 791 377 si
817 351 1051 390 quacumque
1080 336 1280 374 occasione
1304 335 1524 385 Bullingero
1550 335 1728 372 inservire

151 408 302 459 possim.
356 405 453 443 Cum
472 405 692 442 Germanica
714 409 780 441 tua
802 416 900 440 meze
927 401 1035 439 uxori
1059 401 1238 450 legerem,
1266 399 1459 436 mentione
1484 399 1585 436 facta
1602 398 1729 436 obitus

151 472 274 509 uxoris
302 476 340 508 et
368 470 455 507 filiae
484 475 561 507 tuae
589 468 717 505 statim
747 468 785 504 in
813 465 1070 504 acerbissimas
1100 463 1219 514 erupit
1249 463 1453 514 lacrymas:
1489 463 1543 500 ita
1574 467 1728 500 coaetus

151 547 228 572 sum
264 533 491 584 aliquamdiu
527 547 549 570 a
585 532 747 582 legendo
785 530 974 574 desistere,
1011 541 1095 566 cum
1129 528 1192 564 illa
1227 527 1471 565 auscultando
1507 540 1612 565 aures
1648 539 1728 565 non

151 599 346 648 praeberet.

229 662 374 712 Regina
406 661 544 699 Scotiae
576 662 662 698 11110
689 659 854 710 Augusti
872 657 998 708 nupsit
1016 656 1184 694 Henrico
1212 656 1365 694 domino
1391 655 1568 706 Darnley‚
1588 655 1722 706 primo-

151 727 279 777 genito
318 725 465 763 comitis
504 725 645 762 Lenox.
721 723 823 761 Huic
858 735 956 760 novo
993 721 1172 771 conjugio
1206 719 1361 758 minime
1396 719 1522 757 favent
1555 733 1728 771 proceres

148 792 290 841 aliquot
325 790 364 827 in
402 789 538 828 Scotia.
596 788 693 834 Quis
722 787 791 825 erit
819 787 953 831 exitus,
991 785 1202 823 dubitamus
1238 784 1369 823 adhue.
1423 783 1536 822 Certe
1564 797 1728 835 evange-

148 855 238 892 lium
270 854 344 891 illic
371 853 512 891 radices
540 852 618 903 egit
654 852 893 889 firmissimas.
950 850 1065 889 Fama
1092 855 1172 887 erat
1203 862 1279 887 non
1307 849 1361 886 ita
1387 848 1531 900 pridem
1562 854 1728 886 nostram

148 919 316 969 reginam
349 918 434 955 duci
464 917 629 954 Austriae
667 923 876 967 nupturam.
946 914 1050 960 Quid
1079 914 1243 951 futurum
1278 914 1338 958 sit,
1367 913 1539 964 equidem
1564 913 1726 963 ignoro:

149 996 233 1020 cum
259 994 480 1032 cognovero,
506 987 544 1018 te
570 981 762 1019 certiorem
787 979 950 1017 reddam.
1008 979 1198 1029 Exspecto
1222 978 1459 1016 doctissimas
1481 983 1565 1015 tuas
1594 977 1729 1016 Homi-

150 1047 217 1084 lias
255 1046 294 1084 in
332 1046 537 1084 Danielem.
599 1045 705 1083 Bene
737 1044 831 1089 vale,
866 1043 1007 1094 optime
1044 1043 1274 1093 Bullingere‚
1311 1055 1396 1080 cum
1427 1042 1502 1080 tuis
1538 1042 1727 1089 omnibus,

150 1124 243 1162 quos
263 1111 383 1149 salvos
403 1123 482 1148 esse
502 1109 622 1160 cupio.
669 1108 856 1146 Dominus
876 1107 1078 1158 Tigurinos
1098 1120 1229 1145 omnes
1249 1112 1371 1144 servet
1388 1120 1411 1144 a
1428 1106 1545 1144 malo!
1589 1106 1727 1145 Amen.

152 1175 315 1225 Raptim.
374 1173 609 1219 Ludliamiae,
642 1175 689 1210 18
718 1171 896 1222 Augusti,
920 1173 1032 1208 1565.
1089 1171 1180 1208 Mea
1207 1177 1318 1222 teque
1345 1176 1503 1221 tuosque
1531 1171 1679 1209 salutat.

828 1254 929 1292 Tuus
948 1267 995 1292 ex
1021 1254 1161 1298 animo,

940 1336 964 1374 J
968 1336 1001 1374 Ο
1008 1336 1228 1374 HANNES
1265 1336 1677 1383 PARKHURSTUS,

1318 1418 1622 1457 Nordovicensis.

419 1483 669 1508 INscmP'rro.

254 1534 305 1572 D.
329 1537 497 1572 Heizrico
518 1535 751 1583 Βιιῖίίηςείὀ,
780 1537 860 1572 viro

307 1601 532 1637 clarissimo.
592 1601 743 1647 Tiguri.

677 1875 976 1918 EPISTOLA
1009 1876 1185 1918 LXVI.

319 2044 544 2077 EDWINUS
574 2047 757 2079 SANDUS
787 2049 855 2080 AD
886 2049 1148 2080 HENRICUM
1178 2047 1575 2081 BULLINOE³RUMJ

224 2128 549 2167 HUMANISSIMAS
568 2131 691 2169 literas
706 2138 801 2179 tuas,
817 2135 871 2171 vir
882 2135 1096 2178 clarissime,
1113 2147 1188 2171 una
1203 2147 1289 2171 eum
1304 2133 1523 2171 doctissimo
1540 2145 1730 2169 commen-

156 2193 250 2229 tario
270 2197 335 2229 tuo
355 2192 392 2229 in
414 2193 607 2232 Danielem
627 2197 858 2246 prophetam,
883 2198 1023 2236 Abelus
1046 2206 1173 2236 noster
1199 2198 1445 2248 superioribus
1470 2197 1573 2235 hisee
1604 2197 1731 2234 diebus

158 2255 248 2292 mihi
266 2257 460 2293 tradendas
478 2259 630 2296 curavit.
680 2261 739 2298 Ex
758 2262 890 2312 quibus
910 2268 948 2300 et
967 2263 1097 2313 quanti
1115 2275 1174 2299 me
1192 2262 1320 2308 facias,
1335 2267 1434 2300 reete
1453 2261 1728 2300 animadverto:

159 2326 196 2356 et
214 2325 391 2370 quamtum
411 2321 489 2370 ipse
509 2323 576 2359 tibi
594 2323 756 2361 vicissim
777 2326 945 2372 debeam,
972 2327 1081 2364 facile
1099 2327 1279 2377 intelligo.
1337 2326 1451 2371 Quod
1469 2331 1546 2363 tam
1566 2331 1733 2362 amanter

157 2397 200 2420 ae
229 2383 384 2421 fraterne
413 2386 459 2422 ad
488 2399 546 2423 me
569 2387 727 2425 seribere
752 2390 911 2435 voluisti,
940 2391 1098 2428 multum
1132 2391 1282 2441 quidem
1313 2397 1369 2428 est
1396 2397 1433 2428 et
1456 2391 1591 2427 multas
1612 2389 1732 2426 habeo

159 2447 320 2496 gratias:
351 2449 448 2498 quod
475 2463 560 2487 vero
589 2451 767 2490 eximium
795 2453 868 2492 hoe
898 2468 991 2505 opus
1016 2460 1124 2492 tuum
1147 2455 1251 2492 omni
1273 2455 1480 2492 eruditione
1507 2454 1660 2505 plenum
1687 2453 1733 2490 ad

160 2523 219 2546 me
238 2512 497 2557 transmittere,
521 2520 559 2551 et
577 2515 704 2561 etiam,
730 2518 829 2566 quod
848 2519 982 2556 summi
1003 2519 1174 2557 beneficii
1193 2519 1275 2557 loeo
1293 2532 1448 2570 repono,
1474 2531 1560 2556 meo
1575 2517 1732 2555 'nomine

160 2574 198 2609 in
223 2575 405 2622 publicum
433 2577 529 2614 exire
558 2579 730 2629 dignatus
753 2594 806 2626 eS,
834 2595 958 2620 revera
978 2583 1072 2620 mihi
1097 2584 1218 2621 fecisti
1236 2596 1313 2622 rem
1334 2584 1447 2634 longe
1468 2582 1730 2632 gratissimam.

162 2636 343 2675 Mirabilis
356 2640 502 2689 quidem
524 2648 580 2678 est
599 2643 671 2680 ista
688 2643 896 2683 humanitas
910 2652 975 2684 tua
990 2661 1080 2698 erga
1096 2660 1240 2693 omnes,
1257 2661 1331 2698 qua
1343 2660 1597 2698 quoscunque,
1615 2645 1679 2696 qui
1696 2651 1733 2682 te

161 2706 307 2745 norunt,
335 2702 402 2739 tibi
426 2703 719 2745 devinctissimos
740 2709 891 2747 reddere
915 2711 1058 2756 soleas3
1089 2712 1153 2749 sed
1174 2725 1265 2762 erga
1282 2725 1343 2749 me
1369 2710 1530 2760 rarasest
1550 2716 1588 2748 et
1605 2711 1733 2761 singu-

161 2763 268 2800 laris:
304 2765 366 2814 qui
394 2779 469 2803 non
499 2769 617 2807 solum
645 2784 705 2808 me
731 2773 943 2811 exulantem
972 2781 1009 2811 et
1037 2776 1143 2826 quasi
1171 2776 1320 2814 incertis
1346 2776 1496 2814 sedibus
1518 2780 1733 2826 vagantem,

161 2826 249 2864 olim
269 2841 351 2865 eum
367 2829 544 2879 Tigurum
561 2835 734 2881 venerim,
749 2837 978 2888 perbenigne
997 2840 1196 2891 acceperis,
1217 2846 1254 2877 et
1269 2841 1441 2878 omnibus
1458 2839 1733 2878 benevolentiae

159 2891 289 2928 officiis
320 2901 562 2944 prosequutus
587 2898 658 2942 sis;
686 2900 891 2950 quinetiam
918 2902 1044 2940 divina
1074 2905 1304 2954 providentia
1331 2905 1463 2955 patriae
1487 2905 1564 2955 jam
1586 2903 1734 2941 restitu-

159 2959 237 2991 tum
265 2969 340 2993 non
372 2957 490 2996 solum
517 2973 591 2997 non
621 2961 758 3001 desinis
787 2977 924 3011 amare,
957 2979 1084 3004 verum
1112 2968 1283 3005 omnibus
1312 2968 1445 3018 quibus
1476 2968 1617 3019 poteris
1644 2967 1734 3005 rati-
