1845 3233
131 154 187 211 c.]
593 168 646 194 An
678 167 887 195 HENRICUM
924 166 1223 193 nutmxesnum.
1616 152 1699 193 153

134 290 309 335 tanquam
334 282 404 321 sibi
426 282 609 321 fidissimo
637 289 676 320 et
707 282 868 333 Reginae
900 281 1165 326 infensissimo,
1202 279 1455 319 commiserat.
1510 280 1549 318 Is
1579 281 1703 331 paullo

133 354 232 398 post,
259 347 407 385 vivente
425 347 544 386 adhuc
560 347 718 391 Jacobo‚
748 351 944 396 corruptus
968 345 1134 384 fortassis
1157 358 1247 383 auro
1265 345 1421 391 Gallico,
1449 345 1496 383 ad
1516 344 1702 396 Reginam

136 412 282 450 defecit.
340 411 409 450 Illa
431 412 590 450 defectio
615 412 770 449 istorum
795 410 975 448 malorum
1002 409 1168 447 omnium
1197 422 1311 448 causa
1327 409 1418 447 fuit:
1455 422 1542 447 nam
1566 409 1705 460 alioqui

136 476 321 526 reginales
345 489 537 527 nunquam
563 481 680 513 tutam
705 474 792 512 belli
820 474 945 512 sedem
974 474 1213 511 invenissent.
1271 473 1344 511 Sed
1369 479 1494 511 tamen
1519 487 1706 525 speramus

137 539 321 590 Reginam
340 546 504 578 nostram
525 539 625 578 brevi
639 538 697 576 his
716 538 823 576 malis
842 538 955 576 finem
973 537 1242 588 imposituram.
1297 537 1394 575 Nam
1414 538 1445 575 si
1461 539 1647 590 colloquio
1667 545 1705 577 et

136 609 295 642 tractatu
311 605 357 642 de
375 618 478 654 pace,
508 604 608 655 quod
626 615 724 641 nune
743 602 878 652 agitur,
906 614 964 639 res
984 602 1156 651 componi
1172 615 1250 639 non
1268 607 1438 651 possunt,
1457 603 1608 641 dubium
1628 617 1704 641 non

135 674 204 713 est,
219 668 308 719 quin
327 669 473 719 Regina
491 674 617 706 nostra
635 667 688 705 illi
709 666 817 716 parti,
833 678 919 716 quae
938 678 1064 716 aequas
1078 665 1314 703 conditiones
1329 666 1472 704 oblatas
1485 667 1705 718 repudiavit,

137 732 253 771 hostis
273 733 321 770 sit
339 733 482 777 futura;
512 732 570 770 eui
590 731 705 769 altera
719 743 801 781 pars
817 730 948 768 cedere
966 729 1175 767 necessario
1193 734 1360 779 cogetur,

218 797 355 848 Scripsi
381 798 427 834 ad
456 795 658 834 Ricardum
687 794 822 839 Hilles,
841 800 883 831 ut
903 794 1006 832 Julio
1031 794 1154 831 mittat
1179 794 1323 844 aliquot
1347 800 1557 834 coronatos.
1615 796 1707 834 But·

138 862 253 899 lerum
286 860 591 899 commendatum
623 858 779 896 habebo.
849 858 887 896 Is
912 858 941 896 si
969 858 1138 908 linguam
1167 864 1334 896 nostram
1364 859 1542 905 addiscat,
1572 861 1710 911 poterit

137 924 291 976 posthac
318 930 459 963 nostrae
483 923 651 962 ecclesiae
677 922 865 960 inservire.
920 921 1037 960 Mitto
1062 922 1175 959 etiam
1205 922 1273 960 tibi
1296 936 1370 960 una
1388 937 1473 961 cum
1494 924 1575 961 istis
1593 924 1707 962 histo-

138 989 230 1028 riam
262 990 306 1027 de
341 988 537 1027 virtutibus
569 987 732 1038 Reginae
764 986 916 1032 Scotiae,
945 999 1063 1037 nuper
1090 1000 1112 1023 a
1143 986 1309 1037 Georgio
1333 987 1563 1026 Buchanano
1593 989 1708 1026 Scoto

138 1054 373 1105 publicatam.
428 1052 613 1091 Dominus
638 1052 751 1090 Jesus
778 1051 955 1101 pietatem
986 1056 1086 1088 tuam
1117 1063 1227 1101 quam
1257 1051 1462 1090 diutissime
1490 1054 1707 1092 conservet!

137 1117 481 1169 Bisehopsthorpiae
500 1116 538 1154 in
556 1115 738 1154 suburbiis
757 1115 929 1160 Eboraci,
948 1116 996 1151 24
1012 1115 1193 1159 Januarii,
1217 1117 1288 1152 157
1293 1117 1329 1154 2.

705 1190 842 1229 Pietati
871 1196 947 1228 tuae
976 1190 1228 1228 deditissimus
1256 1190 1293 1228 in
1322 1191 1500 1236 Domino,

932 1266 1240 1304 EDMUNDUS
1270 1266 1655 1307 EBORACENSIS.

214 1355 310 1393 Cum
327 1356 416 1393 istas
430 1367 550 1392 essem
570 1354 845 1404 obsignaturus,
873 1353 999 1404 accepi
1018 1359 1099 1391 tuas
1117 1360 1155 1391 et
1174 1354 1222 1392 D.
1244 1354 1408 1392 Gualteri
1426 1353 1562 1400 literas,
1580 1356 1712 1407 quibus

139 1426 179 1457 tu
199 1426 385 1471 nepotem,
407 1419 469 1456 ille
494 1418 609 1455 filium
641 1418 890 1456 commendat.
948 1419 1083 1457 Procul
1108 1419 1237 1456 absum
1263 1419 1308 1456 ab
1334 1420 1533 1456 academiis
1555 1421 1711 1459 nostris:

137 1485 200 1522 sed
221 1490 346 1521 tamen
367 1482 524 1520 scribam
543 1482 589 1518 ad
617 1482 770 1526 amicos,
799 1487 840 1518 ut
864 1481 965 1533 ipsos
990 1483 1271 1520 commendatos
1290 1482 1460 1520 habeant.
1516 1483 1641 1522 Audio
1662 1485 1710 1523 D.

139 1548 413 1586 Londinensem
452 1546 532 1584 illos
577 1546 859 1596 Cantabrigiam
895 1546 1040 1584 misisse
1078 1552 1116 1583 et
1151 1547 1286 1585 viatico
1322 1547 1549 1586 instruxisse.
1628 1549 1712 1599 Ego

136 1613 262 1657 etiam,
278 1611 377 1662 quod
392 1610 512 1647 solum
529 1623 691 1661 possum,
711 1610 868 1660 pecunia
886 1610 1084 1662 aliquando
1102 1611 1184 1649 illos
1200 1612 1349 1661 juvabo.
1408 1612 1549 1658 Saluta,
1565 1627 1711 1664 quaeso,

138 1675 290 1714 nomine
313 1687 397 1711 meo
427 1674 475 1711 D.
503 1673 732 1718 Gualterum,
763 1673 824 1710 cui
847 1686 947 1711 nunc
977 1674 1176 1712 rescribere
1203 1688 1279 1712 non
1308 1676 1473 1713 vacabat.
1529 1676 1712 1715 Libellum

138 1741 241 1778 illum
262 1751 504 1788 anonymum,
524 1750 632 1788 quem
652 1736 743 1774 mihi
762 1737 911 1783 misisti,
940 1739 1104 1789 suspicor
1120 1739 1298 1791 scriptum
1317 1739 1430 1778 fuisse
1450 1754 1472 1777 a
1490 1746 1620 1778 nostro
1639 1741 1713 1792 pize

141 1803 333 1841 memoriae
363 1801 650 1840 Sarisburiensi:
680 1802 744 1839 sed
764 1807 902 1852 praeter
920 1803 1171 1853 conjecturam
1191 1817 1236 1842 ex
1256 1804 1352 1854 stylo
1371 1810 1409 1841 et
1425 1804 1603 1844 methodo
1622 1805 1714 1844 nihil

141 1867 270 1905 habeo.
329 1866 469 1904 Iterum
488 1865 527 1903 in
547 1864 699 1903 Christo
717 1866 811 1913 vale,
831 1866 943 1905 frater
961 1868 1148 1906 carissime
1167 1874 1205 1906 et
1223 1869 1386 1907 colende.

939 1943 1247 1984 EDMUNDUS
1275 1945 1659 1985 EBORACENSIS.

524 2006 779 2033 INscmP'rIO.

248 2062 414 2098 Domino
442 2060 612 2096 IIenrico
643 2060 864 2107 Bnllc'ngero
890 2061 1039 2106 seniori,

298 2125 454 2161 ecclesioe
495 2123 528 2160 T
529 2124 689 2172 igurivoe
724 2125 897 2160 minislro
931 2125 1035 2174 fide-

299 2191 440 2226 lissimo
468 2192 502 2225 et
520 2187 650 2238 fiatri
677 2189 884 2225 carissimo.

581 2252 614 2288 T
614 2253 726 2301 iguri.

720 2448 1020 2491 EPISTOLA
1062 2450 1134 2493 CI.

317 2586 543 2618 EDWINUS
573 2586 760 2618 SANDUs
788 2586 857 2618 AD
892 2586 1151 2619 HENRICUM
1183 2587 1552 2620 BULLINGERUM.

222 2662 421 2700 SALUTEM
451 2661 488 2699 in
517 2661 684 2700 Christo.
739 2661 940 2700 Carissimo
962 2662 1073 2700 frater
1093 2668 1131 2700 et
1154 2663 1412 2701 colendissimo
1435 2664 1597 2710 dominc,
1618 2667 1717 2716 quod

145 2728 217 2767 tuis
240 2726 376 2766 crebris
401 2726 517 2764 literis
549 2726 641 2764 nihil
670 2726 867 2777 quicquam
896 2727 1161 2777 responderim,
1186 2727 1223 2764 id
1251 2741 1329 2766 non
1357 2733 1433 2766 tam
1462 2729 1717 2779 ingratitudini

145 2805 257 2836 meae,
293 2804 404 2842 quam
445 2790 676 2841 gravissimis
711 2790 892 2828 variarum
932 2804 1051 2829 rerum
1095 2792 1383 2842 impedimentis,
1421 2794 1558 2831 tribuas
1594 2795 1716 2833 velim.

146 2857 243 2896 Nam
275 2862 315 2892 ut
343 2856 414 2892 alia
444 2855 561 2893 multa
590 2855 776 2901 omittam,
807 2869 893 2907 quze
924 2855 996 2893 hoc
1026 2856 1095 2893 iter
1119 2857 1255 2894 amoris
1283 2870 1372 2907 erga
1398 2864 1434 2895 te
1460 2858 1534 2896 mei
1563 2865 1602 2896 et
1629 2861 1716 2897 scri-

147 2920 255 2958 bendi
287 2919 594 2958 consuetudinem
627 2919 909 2970 impediverunt,
943 2920 1062 2970 prima
1085 2926 1123 2957 et
1152 2921 1367 2970 gravissima
1394 2936 1507 2961 causa
1536 2922 1620 2961 haec
1647 2930 1716 2968 est,

146 2984 302 3022 recentis
332 2984 522 3034 cujusdam
554 2983 628 3021 mei
661 2984 777 3021 morbi
811 2998 957 3023 summa
985 2985 1038 3022 vis
1071 2990 1109 3022 ct
1134 2985 1368 3036 magnitudo,
1402 3001 1475 3038 qua
1503 2989 1556 3025 ita
1583 2988 1715 3025 misere

148 3052 185 3083 et
213 3048 258 3085 ad
287 3047 497 3087 diuturnum
525 3054 672 3099 tempus
702 3048 886 3088 Dominus
917 3062 976 3088 mc
1006 3049 1183 3097 exercuit,
1211 3057 1252 3088 ut
1279 3050 1429 3090 istarum
1463 3067 1582 3092 rerum
1613 3053 1715 3103 cogi-
