1845 3233
110 138 244 197 cxiv]
395 155 583 183 anwmus
617 155 770 182 sANnus
801 155 856 181 Ao
889 153 1102 180 flmmeum
1137 150 1439 179 antummum.
1617 133 1700 179 173

104 282 242 308 novam
279 269 452 307 eeclesiae
485 270 643 308 formam
682 270 790 307 nobis
827 269 1007 306 fabricare
1038 266 1285 306 contendunt.
1342 265 1392 303 Et
1422 277 1499 302 non
1532 268 1696 314 putares,

108 338 250 383 quanto
270 345 355 371 cum
375 333 556 384 applausu
574 332 659 371 haee
673 346 772 370 nova
790 332 906 370 facies
924 345 1046 369 rerum
1067 344 1150 369 cum
1167 344 1188 368 a
1201 329 1340 381 populo
1360 336 1440 366 tum
1462 342 1484 366 a
1501 327 1697 365 nobilitate

108 397 283 448 amplexa
308 398 368 435 sit.
425 397 590 448 Populus
618 397 847 434 mutationes
877 402 991 441 amat,
1022 401 1060 433 et
1087 396 1298 433 libertatem
1328 393 1488 445 quaerit;
1520 391 1698 429 nobilitas

108 474 195 500 vero
220 462 434 500 utilitatem.
492 462 562 500 Isti
580 461 671 500 boni
697 461 764 499 viri
784 466 982 511 utrumque
1004 460 1106 505 dant,
1133 460 1244 510 idque
1272 459 1435 509 largiter.
1490 457 1631 495 Verum
1656 461 1698 493 ut

106 539 185 564 rem
213 538 364 564 omnem
392 527 526 564 melius
552 538 773 578 cognoscas,
798 537 983 562 summam
1009 524 1274 561 controversiae
1304 524 1341 560 in
1371 521 1495 573 capita
1520 521 1695 572 quaedam

109 591 257 628 redacta
284 591 469 641 accipies:

188 653 220 692 I.
276 653 410 692 Civilis
443 654 686 705 magistratus
717 653 860 691 nullum
895 653 958 703 jus
990 652 1104 690 habet
1136 653 1174 690 in
1201 665 1260 690 res
1291 650 1571 689 ecclesiasticas.
1629 650 1697 687 Est

106 724 254 756 tantum
273 719 483 757 membrum
504 718 690 763 ecclesiae,
710 717 815 767 eujus
831 717 1053 768 gubernatio
1072 730 1188 768 penes
1207 715 1478 754 ecclesiasticos
1498 715 1596 752 viros
1616 728 1696 752 esse

109 782 233 820 debet.

191 851 243 889 II.
300 851 471 889 Ecclesia
496 850 638 889 Christi
665 864 743 889 non
771 851 937 889 admittit
968 851 1078 888 aliam
1106 849 1431 900 gubernationem,
1455 861 1568 899 quam
1597 848 1697 886 illam

108 916 244 961 solum,
279 930 366 967 quae
404 917 447 953 fit
482 929 547 967 per
581 916 876 967 presbyterium:
921 915 1064 953 scilicet
1101 928 1166 966 per
1198 914 1425 958 ministrum,
1460 913 1623 951 seniores
1662 919 1699 950 et

109 981 322 1019 diaconum.

189 1045 265 1083 ΙΙΙ.
321 1045 488 1083 Nomina
510 1051 548 1082 et
575 1045 777 1083 auctoritas
796 1043 1177 1095 archiepiscoporum,
1203 1042 1562 1087 archidiaconorum,
1589 1042 1698 1080 deca-

107 1123 252 1155 norum,
276 1109 595 1154 cancellariorum,
617 1109 970 1153 commissariorum,
995 1121 1078 1145 cum
1098 1107 1313 1158 hujusmodi
1338 1108 1456 1145 titulis
1477 1114 1515 1145 et
1534 1108 1696 1158 dignita-

105 1174 217 1219 tibus,
247 1174 293 1211 ab
321 1174 479 1211 ecclesia
508 1173 648 1212 Christi
677 1174 834 1211 omnino
862 1173 1163 1211 submoveantur.

186 1238 253 1277 IV.
313 1238 464 1276 Habeat
491 1251 728 1289 unaquaeque
755 1236 932 1289 parochia
960 1249 1069 1274 suum
1097 1236 1285 1287 proprium
1314 1235 1594 1287 presbyterium.

203 1302 251 1340 V.
309 1301 457 1340 Electio
484 1302 740 1339 ministrorum
769 1300 981 1339 necessario
1011 1306 1156 1351 spectat
1184 1300 1232 1337 ad
1260 1300 1418 1350 plebem.

184 1366 254 1404 VI.
310 1365 432 1409 Bona,
451 1366 722 1417 possessiones,
742 1371 868 1410 terrae,
884 1370 1100 1416 proventus,
1115 1364 1230 1408 tituli,
1249 1363 1423 1409 honores,
1441 1363 1697 1409 auctoritates,

106 1438 145 1470 et
162 1430 235 1468 alia
253 1443 488 1482 quaecunque
509 1431 719 1482 spectantia
733 1430 791 1467 vel
811 1430 858 1467 ad
879 1429 1092 1480 episcopos,
1107 1429 1166 1466 vel
1185 1428 1233 1465 ad
1252 1428 1431 1466 ecclesias
1450 1427 1697 1474 cathedrales,

107 1501 146 1533 et
164 1507 251 1546 quae
272 1494 343 1532 illis
367 1495 448 1545 jam
462 1495 546 1545 jure
573 1495 767 1540 debentur,
787 1507 938 1545 prorsus
965 1494 1182 1532 auferantur
1208 1499 1247 1530 et
1265 1493 1303 1530 in
1323 1498 1542 1544 perpetuum
1562 1493 1696 1530 tollan-

107 1566 181 1598 tur.

185 1622 277 1662 VII.
333 1623 457 1661 Nemo
487 1624 599 1662 debet
624 1623 856 1669 concionari,
882 1622 955 1660 nisi
976 1622 1039 1673 qui
1064 1627 1120 1659 est
1147 1626 1275 1672 pastor
1300 1620 1457 1670 alicujus
1484 1621 1633 1671 gregis3
1662 1626 1699 1658 et

104 1688 205 1739 apud
234 1700 341 1726 suum
369 1693 517 1725 tantum
544 1701 711 1739 gregem,
741 1699 819 1724 non
846 1686 950 1731 alibi,
980 1685 1203 1723 concionem
1231 1684 1379 1722 habeat.

159 1752 272 1793 VIII.
315 1752 486 1790 Infantes
513 1752 744 1804 papistarum
773 1764 851 1789 non
879 1756 966 1788 sunt
992 1750 1222 1801 baptizandi.

187 1817 257 1855 IX.
311 1816 514 1854 Judicialia
542 1817 664 1854 Mosis
692 1821 866 1867 spectant
892 1814 940 1852 ad
968 1813 1191 1854 christianos
1220 1813 1421 1865 principes,
1451 1826 1521 1852 nec
1554 1813 1601 1851 ab
1627 1814 1699 1852 illis

108 1894 274 1932 unguem
301 1880 419 1917 latum
448 1880 639 1918 discedere
667 1880 818 1918 debent.

188 2009 314 2047 Multa
332 2014 420 2047 sunt
434 2008 507 2045 alia
525 2007 693 2057 ejusdem
709 2008 868 2057 generis,
888 2021 966 2046 non
985 2007 1109 2045 minus
1131 2007 1302 2052 absurda,
1325 2019 1411 2057 quae
1435 2020 1511 2043 non
1536 2019 1699 2044 comme-

111 2074 283 2118 morabo;
313 2086 400 2124 quae
421 2072 563 2117 omnia,
583 2071 614 2109 si
639 2071 729 2122 quid
757 2085 830 2122 ego
854 2072 996 2122 judicQ
1021 2085 1098 2109 non
1122 2071 1265 2108 faciunt
1284 2070 1330 2108 ad
1351 2071 1490 2108 bonum
1509 2076 1547 2108 et
1568 2084 1699 2121 pacem

110 2138 296 2183 ecclesiae,
317 2136 384 2174 sed
403 2136 450 2174 ad
467 2136 614 2173 ruinam
635 2142 673 2173 et
690 2136 962 2175 confusionem.
1019 2135 1125 2173 Tolle
1152 2135 1426 2180 auctoritatem,
1446 2135 1521 2172 ruit
1540 2135 1699 2186 populus

111 2203 150 2241 in
169 2215 281 2240 omne
297 2201 496 2253 flagitium.
534 2200 641 2238 Tolle
658 2200 924 2251 patrimonium
943 2200 1129 2245 ecelesiae‚
1150 2206 1188 2237 et
1206 2200 1336 2238 eadem
1352 2213 1466 2251 opera
1480 2212 1556 2237 non
1578 2201 1699 2238 solum

113 2268 229 2305 bonas
248 2267 388 2311 literas,
409 2265 475 2303 sed
493 2270 530 2302 et
549 2265 669 2315 ipsam
688 2265 911 2315 religionem
932 2265 1087 2303 auferes.
1143 2264 1216 2302 Sed
1231 2264 1310 2314 jam
1327 2264 1453 2302 videor
1467 2277 1544 2302 rem
1561 2265 1700 2316 praeju-

111 2330 247 2368 dicare.
304 2329 501 2380 Percupio,
522 2328 739 2366 doctissime
759 2328 826 2374 vir,
847 2336 949 2367 tuam
969 2335 1007 2366 et
1024 2329 1072 2366 D.
1089 2328 1269 2373 Gualteri,
1291 2329 1339 2366 D.
1359 2328 1520 2373 Simleri,
1539 2329 1699 2379 reliquo-

111 2407 268 2445 rumque
288 2393 442 2431 fratrum
462 2393 588 2430 audire
616 2393 662 2431 de
687 2393 768 2430 istis
792 2393 901 2431 rebus
927 2393 1167 2438 sententiam,
1187 2406 1300 2444 quam
1320 2399 1361 2431 ut
1381 2406 1508 2430 sanam
1530 2399 1568 2430 ct
1586 2394 1699 2432 verbo

112 2458 187 2496 Dei
207 2463 499 2496 consentaneam
519 2457 676 2494 libenter
704 2457 783 2507 ipse
804 2470 946 2508 sequar.
1003 2457 1042 2495 Si
1069 2457 1169 2495 enim
1188 2463 1351 2495 vestrum
1378 2457 1423 2494 de
1447 2462 1527 2494 tota
1546 2462 1697 2495 contro-

112 2522 229 2561 versia
260 2522 556 2572 interponeretur
586 2520 782 2571 judicium,
821 2521 934 2559 dubio
967 2521 1098 2572 procul
1130 2521 1289 2558 multum
1318 2520 1457 2559 faceret
1489 2521 1535 2558 ad
1568 2534 1698 2572 pacem

110 2586 283 2626 ecclesioe
312 2591 464 2623 nostrae.
521 2584 729 2623 Clamitant
754 2585 816 2623 isti
842 2586 930 2623 boni
958 2585 1039 2630 viri,
1066 2585 1166 2637 quod
1185 2584 1347 2623 habeant
1365 2598 1496 2623 omnes
1522 2585 1699 2624 ecclesias

112 2651 332 2690 reformatas
353 2655 496 2687 stantes
512 2663 559 2686 ex
579 2649 745 2700 partibus
760 2650 846 2688 suis.

194 2715 254 2752 De
273 2719 375 2752 statu
393 2713 613 2765 reipublicae
633 2719 775 2751 nostrze
795 2713 889 2751 nihil
915 2714 1059 2753 dicam:
1089 2714 1270 2753 hactenus
1289 2714 1418 2752 omnia
1437 2720 1524 2752 sunt
1542 2721 1697 2765 pacata;

110 2779 179 2818 sed
204 2778 406 2817 verendum
425 2791 472 2815 ne
491 2777 680 2816 intestinae
701 2778 783 2816 istae
810 2778 1064 2816 dissensiones
1083 2778 1236 2816 tandem
1262 2778 1301 2815 in
1329 2778 1533 2830 perniciem
1566 2778 1697 2829 patriae

114 2842 288 2880 evadant.

193 2907 311 2945 Mitto
331 2907 376 2945 ad
403 2913 506 2945 tuam
533 2906 828 2945 dominationem
855 2912 1000 2945 tantum
1026 2907 1141 2958 panni
1161 2906 1330 2958 Angliei,
1356 2913 1538 2958 quantum
1565 2905 1701 2944 sufficit

112 2971 159 3010 ad
177 2970 452 3011 conficiendam
479 2971 548 3011 tibi
567 2976 710 3022 togam.
767 2971 897 3017 Utere,
924 2984 1066 3023 quaeso,
1094 2977 1132 3010 et
1162 2985 1229 3023 pro
1256 2976 1321 3009 tua
1346 2969 1578 3010 humanitate
1610 2969 1700 3009 boni
