<?xml version="1.0" encoding="UTF-8"?>
<!DOCTYPE html PUBLIC "-//W3C//DTD XHTML 1.0 Transitional//EN"
    "http://www.w3.org/TR/xhtml1/DTD/xhtml1-transitional.dtd">
<html xmlns="http://www.w3.org/1999/xhtml" xml:lang="en" lang="en">
 <head>
  <title>
</title>
<meta http-equiv="Content-Type" content="text/html;charset=utf-8" />
  <meta name='ocr-system' content='tesseract 3.04.00' />
  <meta name='ocr-capabilities' content='ocr_page ocr_carea ocr_par ocr_line ocrx_word'/>
</head>
<body>
  <div class='ocr_page' id='page_1' title='image "./zurichletterscom02hunt_0489.png"; bbox 0 0 1845 3233; ppageno 0'>
   <div class='ocr_carea' id='block_1_1' title="bbox 152 138 1722 201">
    <p class='ocr_par' dir='ltr' id='par_1_1' title="bbox 152 138 1722 201">
     <span class='ocr_line' id='line_1_1' title="bbox 152 138 1722 201; baseline -0.001 -16"><span class='ocrx_word' id='word_1_1' title='bbox 152 143 284 201; x_wconf 83' lang='lat' dir='ltr'>cxlx.]</span> <span class='ocrx_word' id='word_1_2' title='bbox 419 158 625 188; x_wconf 70' lang='lat' dir='ltr'>JoHANNEs</span> <span class='ocrx_word' id='word_1_3' title='bbox 656 158 944 186; x_wconf 79' lang='lat' dir='ltr'>PARKHURSTUS</span> <span class='ocrx_word' id='word_1_4' title='bbox 978 158 1032 185; x_wconf 84' lang='lat' dir='ltr'>AD</span> <span class='ocrx_word' id='word_1_5' title='bbox 1063 157 1204 185; x_wconf 75' lang='lat' dir='ltr'>JOSIAM</span> <span class='ocrx_word' id='word_1_6' title='bbox 1240 157 1457 184; x_wconf 83' lang='lat' dir='ltr'><strong>SIMLERUM.</strong></span> <span class='ocrx_word' id='word_1_7' title='bbox 1641 138 1722 186; x_wconf 73' lang='grc'>179</span> 
     </span>
    </p>
   </div>
   <div class='ocr_carea' id='block_1_2' title="bbox 687 351 1196 394">
    <p class='ocr_par' dir='ltr' id='par_1_2' title="bbox 687 351 1196 394">
     <span class='ocr_line' id='line_1_2' title="bbox 687 351 1196 394; baseline -0.002 -1"><span class='ocrx_word' id='word_1_8' title='bbox 687 351 981 394; x_wconf 80' lang='lat' dir='ltr'><strong>EPISTOLA</strong></span> <span class='ocrx_word' id='word_1_9' title='bbox 1023 351 1196 394; x_wconf 84' lang='lat' dir='ltr'>CXIX.</span> 
     </span>
    </p>
   </div>
   <div class='ocr_carea' id='block_1_3' title="bbox 857 472 1053 478">
    <p class='ocr_par' dir='ltr' id='par_1_3' title="bbox 857 472 1053 478">
     <span class='ocr_line' id='line_1_3' title="bbox 857 472 1053 478; baseline 0 0"><span class='ocrx_word' id='word_1_10' title='bbox 857 472 1053 478; x_wconf 95' lang='lat' dir='ltr'> </span> 
     </span>
    </p>
   </div>
   <div class='ocr_carea' id='block_1_4' title="bbox 319 548 1552 585">
    <p class='ocr_par' dir='ltr' id='par_1_4' title="bbox 319 548 1552 585">
     <span class='ocr_line' id='line_1_4' title="bbox 319 548 1552 585; baseline -0.002 -4"><span class='ocrx_word' id='word_1_11' title='bbox 319 550 574 583; x_wconf 77' lang='lat' dir='ltr'><strong>JOHANNES</strong></span> <span class='ocrx_word' id='word_1_12' title='bbox 604 552 955 584; x_wconf 84' lang='lat' dir='ltr'>PARKHURSTUS</span> <span class='ocrx_word' id='word_1_13' title='bbox 983 554 1051 585; x_wconf 90' lang='lat' dir='ltr'>AD</span> <span class='ocrx_word' id='word_1_14' title='bbox 1078 551 1255 584; x_wconf 83' lang='lat' dir='ltr'>JosIAM</span> <span class='ocrx_word' id='word_1_15' title='bbox 1285 548 1552 581; x_wconf 77' lang='lat' dir='ltr'>SIMLERUM.</span> 
     </span>
    </p>
   </div>
   <div class='ocr_carea' id='block_1_5' title="bbox 149 632 1736 1980">
    <p class='ocr_par' dir='ltr' id='par_1_5' title="bbox 149 632 1732 1064">
     <span class='ocr_line' id='line_1_5' title="bbox 231 632 1726 690; baseline -0.003 -18"><span class='ocrx_word' id='word_1_16' title='bbox 231 634 385 683; x_wconf 78' lang='lat' dir='ltr'>SALVE,</span> <span class='ocrx_word' id='word_1_17' title='bbox 421 638 472 676; x_wconf 88' lang='lat' dir='ltr'>mi</span> <span class='ocrx_word' id='word_1_18' title='bbox 508 637 675 676; x_wconf 86' lang='lat' dir='ltr'>Simlere.</span> <span class='ocrx_word' id='word_1_19' title='bbox 729 638 817 677; x_wconf 88' lang='lat' dir='ltr'>Non</span> <span class='ocrx_word' id='word_1_20' title='bbox 851 644 908 676; x_wconf 84' lang='lat' dir='ltr'>est</span> <span class='ocrx_word' id='word_1_21' title='bbox 938 638 1035 690; x_wconf 88' lang='lat' dir='ltr'>quod</span> <span class='ocrx_word' id='word_1_22' title='bbox 1068 643 1191 675; x_wconf 86' lang='lat' dir='ltr'>tantas</span> <span class='ocrx_word' id='word_1_23' title='bbox 1227 635 1319 674; x_wconf 87' lang='lat' dir='ltr'>mihi</span> <span class='ocrx_word' id='word_1_24' title='bbox 1356 648 1448 685; x_wconf 80' lang='lat' dir='ltr'>agas</span> <span class='ocrx_word' id='word_1_25' title='bbox 1488 632 1626 685; x_wconf 78' lang='lat' dir='ltr'>gratias</span> <span class='ocrx_word' id='word_1_26' title='bbox 1659 642 1726 682; x_wconf 83' lang='lat' dir='ltr'>pro</span> 
     </span>
     <span class='ocr_line' id='line_1_6' title="bbox 153 694 1729 753; baseline -0.003 -16"><span class='ocrx_word' id='word_1_27' title='bbox 153 704 281 738; x_wconf 92' lang='lat' dir='ltr'>nostro</span> <span class='ocrx_word' id='word_1_28' title='bbox 320 701 542 752; x_wconf 87' lang='lat' dir='ltr'>Rodolpho:</span> <span class='ocrx_word' id='word_1_29' title='bbox 591 702 724 753; x_wconf 83' lang='lat' dir='ltr'>dignus</span> <span class='ocrx_word' id='word_1_30' title='bbox 757 707 812 740; x_wconf 87' lang='lat' dir='ltr'>est</span> <span class='ocrx_word' id='word_1_31' title='bbox 844 703 883 739; x_wconf 88' lang='lat' dir='ltr'>in</span> <span class='ocrx_word' id='word_1_32' title='bbox 919 716 1027 753; x_wconf 88' lang='lat' dir='ltr'>quem</span> <span class='ocrx_word' id='word_1_33' title='bbox 1063 702 1181 739; x_wconf 90' lang='lat' dir='ltr'>multo</span> <span class='ocrx_word' id='word_1_34' title='bbox 1216 700 1321 752; x_wconf 85' lang='lat' dir='ltr'>plura</span> <span class='ocrx_word' id='word_1_35' title='bbox 1353 698 1534 736; x_wconf 86' lang='lat' dir='ltr'>beneficia</span> <span class='ocrx_word' id='word_1_36' title='bbox 1570 694 1729 747; x_wconf 80' lang='lat' dir='ltr'>expendi</span> 
     </span>
     <span class='ocr_line' id='line_1_7' title="bbox 154 763 1728 818; baseline -0.003 -17"><span class='ocrx_word' id='word_1_37' title='bbox 154 764 322 804; x_wconf 87' lang='lat' dir='ltr'>debeant.</span> <span class='ocrx_word' id='word_1_38' title='bbox 369 766 531 805; x_wconf 86' lang='lat' dir='ltr'>Vocatus</span> <span class='ocrx_word' id='word_1_39' title='bbox 550 780 572 804; x_wconf 88' lang='lat' dir='ltr'>a</span> <span class='ocrx_word' id='word_1_40' title='bbox 589 772 692 818; x_wconf 85' lang='lat' dir='ltr'>patre</span> <span class='ocrx_word' id='word_1_41' title='bbox 711 780 777 818; x_wconf 87' lang='lat' dir='ltr'>per</span> <span class='ocrx_word' id='word_1_42' title='bbox 791 767 915 805; x_wconf 86' lang='lat' dir='ltr'>literas</span> <span class='ocrx_word' id='word_1_43' title='bbox 933 766 1024 804; x_wconf 90' lang='lat' dir='ltr'>mihi</span> <span class='ocrx_word' id='word_1_44' title='bbox 1042 767 1188 812; x_wconf 90' lang='lat' dir='ltr'>missas,</span> <span class='ocrx_word' id='word_1_45' title='bbox 1208 771 1246 803; x_wconf 87' lang='lat' dir='ltr'>et</span> <span class='ocrx_word' id='word_1_46' title='bbox 1264 770 1329 802; x_wconf 88' lang='lat' dir='ltr'>tuo</span> <span class='ocrx_word' id='word_1_47' title='bbox 1344 763 1500 802; x_wconf 87' lang='lat' dir='ltr'>consilio</span> <span class='ocrx_word' id='word_1_48' title='bbox 1519 773 1728 813; x_wconf 76' lang='lat' dir='ltr'>persuasus,</span> 
     </span>
     <span class='ocr_line' id='line_1_8' title="bbox 149 825 1729 883; baseline -0.004 -16"><span class='ocrx_word' id='word_1_49' title='bbox 149 829 228 880; x_wconf 87' lang='lat' dir='ltr'>jam</span> <span class='ocrx_word' id='word_1_50' title='bbox 246 836 418 882; x_wconf 86' lang='lat' dir='ltr'><strong>properat</strong></span> <span class='ocrx_word' id='word_1_51' title='bbox 437 831 600 870; x_wconf 90' lang='lat' dir='ltr'>domum.</span> <span class='ocrx_word' id='word_1_52' title='bbox 658 832 744 883; x_wconf 84' lang='lat' dir='ltr'>Ego</span> <span class='ocrx_word' id='word_1_53' title='bbox 767 831 1032 870; x_wconf 85' lang='lat' dir='ltr'>constitueram</span> <span class='ocrx_word' id='word_1_54' title='bbox 1057 844 1140 869; x_wconf 87' lang='lat' dir='ltr'>cum</span> <span class='ocrx_word' id='word_1_55' title='bbox 1167 829 1305 868; x_wconf 88' lang='lat' dir='ltr'>diutius</span> <span class='ocrx_word' id='word_1_56' title='bbox 1331 828 1369 866; x_wconf 91' lang='lat' dir='ltr'>in</span> <span class='ocrx_word' id='word_1_57' title='bbox 1388 827 1532 878; x_wconf 85' lang='lat' dir='ltr'>Anglia</span> <span class='ocrx_word' id='word_1_58' title='bbox 1551 825 1729 868; x_wconf 90' lang='lat' dir='ltr'>detinere,</span> 
     </span>
     <span class='ocr_line' id='line_1_9' title="bbox 154 889 1732 947; baseline -0.004 -16"><span class='ocrx_word' id='word_1_59' title='bbox 154 900 192 931; x_wconf 89' lang='lat' dir='ltr'>et</span> <span class='ocrx_word' id='word_1_60' title='bbox 211 894 248 932; x_wconf 92' lang='lat' dir='ltr'>in</span> <span class='ocrx_word' id='word_1_61' title='bbox 268 895 458 933; x_wconf 86' lang='lat' dir='ltr'>academia</span> <span class='ocrx_word' id='word_1_62' title='bbox 477 896 685 934; x_wconf 86' lang='lat' dir='ltr'>Oxoniensi</span> <span class='ocrx_word' id='word_1_63' title='bbox 705 896 814 942; x_wconf 86' lang='lat' dir='ltr'>alere,</span> <span class='ocrx_word' id='word_1_64' title='bbox 834 896 944 947; x_wconf 88' lang='lat' dir='ltr'>idque</span> <span class='ocrx_word' id='word_1_65' title='bbox 964 897 1101 947; x_wconf 82' lang='lat' dir='ltr'><strong>absque</strong></span> <span class='ocrx_word' id='word_1_66' title='bbox 1119 895 1234 946; x_wconf 87' lang='lat' dir='ltr'>patris</span> <span class='ocrx_word' id='word_1_67' title='bbox 1252 893 1441 946; x_wconf 85' lang='lat' dir='ltr'>impensis.</span> <span class='ocrx_word' id='word_1_68' title='bbox 1485 890 1559 928; x_wconf 87' lang='lat' dir='ltr'>Sed</span> <span class='ocrx_word' id='word_1_69' title='bbox 1577 903 1661 928; x_wconf 91' lang='lat' dir='ltr'>cum</span> <span class='ocrx_word' id='word_1_70' title='bbox 1679 889 1732 926; x_wconf 85' lang='lat' dir='ltr'>ita</span> 
     </span>
     <span class='ocr_line' id='line_1_10' title="bbox 154 954 1729 1009; baseline -0.003 -13"><span class='ocrx_word' id='word_1_71' title='bbox 154 959 277 1005; x_wconf 86' lang='lat' dir='ltr'>vultis,</span> <span class='ocrx_word' id='word_1_72' title='bbox 298 960 464 999; x_wconf 85' lang='lat' dir='ltr'>discedat</span> <span class='ocrx_word' id='word_1_73' title='bbox 481 974 541 999; x_wconf 91' lang='lat' dir='ltr'>me</span> <span class='ocrx_word' id='word_1_74' title='bbox 555 974 633 999; x_wconf 90' lang='lat' dir='ltr'>non</span> <span class='ocrx_word' id='word_1_75' title='bbox 651 960 847 1008; x_wconf 85' lang='lat' dir='ltr'>renitente,</span> <span class='ocrx_word' id='word_1_76' title='bbox 867 960 932 999; x_wconf 87' lang='lat' dir='ltr'>sed</span> <span class='ocrx_word' id='word_1_77' title='bbox 948 961 1047 999; x_wconf 84' lang='lat' dir='ltr'>bona</span> <span class='ocrx_word' id='word_1_78' title='bbox 1066 973 1151 998; x_wconf 90' lang='lat' dir='ltr'>cum</span> <span class='ocrx_word' id='word_1_79' title='bbox 1170 960 1287 998; x_wconf 87' lang='lat' dir='ltr'>venia.</span> <span class='ocrx_word' id='word_1_80' title='bbox 1336 959 1421 1009; x_wconf 85' lang='lat' dir='ltr'>Ego</span> <span class='ocrx_word' id='word_1_81' title='bbox 1441 956 1493 995; x_wconf 92' lang='lat' dir='ltr'>illi</span> <span class='ocrx_word' id='word_1_82' title='bbox 1511 954 1729 994; x_wconf 83' lang='lat' dir='ltr'>beneficiam</span> 
     </span>
     <span class='ocr_line' id='line_1_11' title="bbox 156 1024 386 1064; baseline 0.009 -3"><span class='ocrx_word' id='word_1_83' title='bbox 156 1024 212 1062; x_wconf 93' lang='lat' dir='ltr'>vel</span> <span class='ocrx_word' id='word_1_84' title='bbox 230 1025 386 1064; x_wconf 89' lang='lat' dir='ltr'>absenti.</span> 
     </span>
    </p>

    <p class='ocr_par' dir='ltr' id='par_1_6' title="bbox 154 1085 1731 1207">
     <span class='ocr_line' id='line_1_12' title="bbox 235 1085 1731 1142; baseline -0.002 -16"><span class='ocrx_word' id='word_1_85' title='bbox 235 1087 379 1128; x_wconf 84' lang='lat' dir='ltr'><strong>Mirum</strong></span> <span class='ocrx_word' id='word_1_86' title='bbox 406 1096 463 1129; x_wconf 87' lang='lat' dir='ltr'>est</span> <span class='ocrx_word' id='word_1_87' title='bbox 487 1089 587 1142; x_wconf 87' lang='lat' dir='ltr'>quod</span> <span class='ocrx_word' id='word_1_88' title='bbox 606 1104 719 1130; x_wconf 85' lang='lat' dir='ltr'>vacca</span> <span class='ocrx_word' id='word_1_89' title='bbox 746 1102 892 1129; x_wconf 88' lang='lat' dir='ltr'>cervum</span> <span class='ocrx_word' id='word_1_90' title='bbox 916 1089 1120 1142; x_wconf 83' lang='lat' dir='ltr'>pepererit:</span> <span class='ocrx_word' id='word_1_91' title='bbox 1160 1089 1225 1129; x_wconf 87' lang='lat' dir='ltr'>sed</span> <span class='ocrx_word' id='word_1_92' title='bbox 1243 1090 1367 1128; x_wconf 88' lang='lat' dir='ltr'>minus</span> <span class='ocrx_word' id='word_1_93' title='bbox 1384 1087 1532 1132; x_wconf 87' lang='lat' dir='ltr'>mirum,</span> <span class='ocrx_word' id='word_1_94' title='bbox 1562 1086 1661 1138; x_wconf 85' lang='lat' dir='ltr'>quod</span> <span class='ocrx_word' id='word_1_95' title='bbox 1679 1085 1731 1123; x_wconf 83' lang='lat' dir='ltr'>ita</span> 
     </span>
     <span class='ocr_line' id='line_1_13' title="bbox 154 1151 1549 1207; baseline -0.001 -16"><span class='ocrx_word' id='word_1_96' title='bbox 154 1153 202 1192; x_wconf 85' lang='lat' dir='ltr'>sit</span> <span class='ocrx_word' id='word_1_97' title='bbox 219 1153 357 1192; x_wconf 88' lang='lat' dir='ltr'>factum</span> <span class='ocrx_word' id='word_1_98' title='bbox 376 1169 453 1194; x_wconf 90' lang='lat' dir='ltr'>non</span> <span class='ocrx_word' id='word_1_99' title='bbox 470 1155 599 1207; x_wconf 90' lang='lat' dir='ltr'>procul</span> <span class='ocrx_word' id='word_1_100' title='bbox 618 1169 640 1193; x_wconf 89' lang='lat' dir='ltr'>a</span> <span class='ocrx_word' id='word_1_101' title='bbox 658 1154 879 1193; x_wconf 83' lang='lat' dir='ltr'>monstrosis</span> <span class='ocrx_word' id='word_1_102' title='bbox 895 1153 1086 1192; x_wconf 88' lang='lat' dir='ltr'>monachis</span> <span class='ocrx_word' id='word_1_103' title='bbox 1105 1160 1144 1192; x_wconf 89' lang='lat' dir='ltr'>et</span> <span class='ocrx_word' id='word_1_104' title='bbox 1158 1153 1389 1193; x_wconf 83' lang='lat' dir='ltr'>sodomiticis</span> <span class='ocrx_word' id='word_1_105' title='bbox 1407 1151 1549 1190; x_wconf 83' lang='lat' dir='ltr'>bestiis.</span> 
     </span>
    </p>

    <p class='ocr_par' dir='ltr' id='par_1_7' title="bbox 154 1215 1734 1592">
     <span class='ocr_line' id='line_1_14' title="bbox 234 1215 1731 1270; baseline -0.004 -12"><span class='ocrx_word' id='word_1_106' title='bbox 234 1218 321 1270; x_wconf 82' lang='lat' dir='ltr'>Ego</span> <span class='ocrx_word' id='word_1_107' title='bbox 351 1233 419 1258; x_wconf 89' lang='lat' dir='ltr'>nec</span> <span class='ocrx_word' id='word_1_108' title='bbox 452 1220 613 1258; x_wconf 89' lang='lat' dir='ltr'>libellum</span> <span class='ocrx_word' id='word_1_109' title='bbox 645 1225 750 1257; x_wconf 91' lang='lat' dir='ltr'>tuum</span> <span class='ocrx_word' id='word_1_110' title='bbox 780 1225 910 1257; x_wconf 83' lang='lat' dir='ltr'>contra</span> <span class='ocrx_word' id='word_1_111' title='bbox 942 1219 1180 1265; x_wconf 86' lang='lat' dir='ltr'>Brentianos,</span> <span class='ocrx_word' id='word_1_112' title='bbox 1208 1232 1277 1257; x_wconf 90' lang='lat' dir='ltr'>nec</span> <span class='ocrx_word' id='word_1_113' title='bbox 1302 1217 1562 1256; x_wconf 86' lang='lat' dir='ltr'>bibliothecam</span> <span class='ocrx_word' id='word_1_114' title='bbox 1597 1215 1662 1254; x_wconf 87' lang='lat' dir='ltr'>abs</span> <span class='ocrx_word' id='word_1_115' title='bbox 1694 1219 1731 1252; x_wconf 89' lang='lat' dir='ltr'>te</span> 
     </span>
     <span class='ocr_line' id='line_1_15' title="bbox 154 1280 1732 1336; baseline -0.003 -16"><span class='ocrx_word' id='word_1_116' title='bbox 154 1288 313 1329; x_wconf 83' lang='lat' dir='ltr'>auctam,</span> <span class='ocrx_word' id='word_1_117' title='bbox 333 1284 470 1336; x_wconf 83' lang='lat' dir='ltr'>accepi.</span> <span class='ocrx_word' id='word_1_118' title='bbox 515 1283 700 1322; x_wconf 82' lang='lat' dir='ltr'>Fortassis</span> <span class='ocrx_word' id='word_1_119' title='bbox 719 1283 897 1321; x_wconf 87' lang='lat' dir='ltr'>oblivioni</span> <span class='ocrx_word' id='word_1_120' title='bbox 916 1283 1019 1321; x_wconf 81' lang='lat' dir='ltr'>dedit</span> <span class='ocrx_word' id='word_1_121' title='bbox 1038 1282 1068 1321; x_wconf 87' lang='lat' dir='ltr'>F</span> <span class='ocrx_word' id='word_1_122' title='bbox 1068 1283 1322 1322; x_wconf 85' lang='lat' dir='ltr'>roschoverus.</span> <span class='ocrx_word' id='word_1_123' title='bbox 1372 1280 1559 1333; x_wconf 87' lang='lat' dir='ltr'>Quicquid</span> <span class='ocrx_word' id='word_1_124' title='bbox 1580 1280 1640 1326; x_wconf 89' lang='lat' dir='ltr'>sit,</span> <span class='ocrx_word' id='word_1_125' title='bbox 1659 1292 1732 1330; x_wconf 85' lang='lat' dir='ltr'>ego</span> 
     </span>
     <span class='ocr_line' id='line_1_16' title="bbox 156 1342 1733 1398; baseline -0.003 -14"><span class='ocrx_word' id='word_1_126' title='bbox 156 1347 223 1385; x_wconf 91' lang='lat' dir='ltr'>tibi</span> <span class='ocrx_word' id='word_1_127' title='bbox 251 1360 318 1398; x_wconf 89' lang='lat' dir='ltr'>pro</span> <span class='ocrx_word' id='word_1_128' title='bbox 348 1353 413 1385; x_wconf 81' lang='lat' dir='ltr'>tua</span> <span class='ocrx_word' id='word_1_129' title='bbox 445 1348 704 1386; x_wconf 84' lang='lat' dir='ltr'>benevolentia</span> <span class='ocrx_word' id='word_1_130' title='bbox 732 1348 869 1398; x_wconf 87' lang='lat' dir='ltr'>gratias</span> <span class='ocrx_word' id='word_1_131' title='bbox 897 1360 982 1398; x_wconf 78' lang='lat' dir='ltr'>ago,</span> <span class='ocrx_word' id='word_1_132' title='bbox 1039 1347 1209 1398; x_wconf 90' lang='lat' dir='ltr'>Optarim</span> <span class='ocrx_word' id='word_1_133' title='bbox 1243 1352 1283 1385; x_wconf 88' lang='lat' dir='ltr'>ut</span> <span class='ocrx_word' id='word_1_134' title='bbox 1315 1346 1362 1384; x_wconf 89' lang='lat' dir='ltr'>de</span> <span class='ocrx_word' id='word_1_135' title='bbox 1390 1358 1506 1384; x_wconf 74' lang='lat' dir='ltr'>uxore</span> <span class='ocrx_word' id='word_1_136' title='bbox 1536 1342 1733 1394; x_wconf 87' lang='lat' dir='ltr'>Rodolpho</span> 
     </span>
     <span class='ocr_line' id='line_1_17' title="bbox 156 1407 1730 1463; baseline -0.003 -14"><span class='ocrx_word' id='word_1_137' title='bbox 156 1412 403 1463; x_wconf 86' lang='lat' dir='ltr'>prospiciatis.</span> <span class='ocrx_word' id='word_1_138' title='bbox 459 1411 498 1451; x_wconf 87' lang='lat' dir='ltr'>Si</span> <span class='ocrx_word' id='word_1_139' title='bbox 516 1426 641 1450; x_wconf 89' lang='lat' dir='ltr'>meum</span> <span class='ocrx_word' id='word_1_140' title='bbox 661 1412 857 1450; x_wconf 85' lang='lat' dir='ltr'>consilium</span> <span class='ocrx_word' id='word_1_141' title='bbox 877 1412 1064 1463; x_wconf 86' lang='lat' dir='ltr'>aspernari</span> <span class='ocrx_word' id='word_1_142' title='bbox 1079 1411 1283 1458; x_wconf 88' lang='lat' dir='ltr'>nolueritis,</span> <span class='ocrx_word' id='word_1_143' title='bbox 1303 1411 1373 1450; x_wconf 87' lang='lat' dir='ltr'>erit</span> <span class='ocrx_word' id='word_1_144' title='bbox 1391 1410 1455 1448; x_wconf 79' lang='lat' dir='ltr'>illa</span> <span class='ocrx_word' id='word_1_145' title='bbox 1474 1407 1666 1448; x_wconf 86' lang='lat' dir='ltr'>Dorothea</span> <span class='ocrx_word' id='word_1_146' title='bbox 1682 1407 1730 1445; x_wconf 93' lang='lat' dir='ltr'>D.</span> 
     </span>
     <span class='ocr_line' id='line_1_18' title="bbox 158 1473 1734 1528; baseline -0.003 -15"><span class='ocrx_word' id='word_1_147' title='bbox 158 1475 366 1528; x_wconf 85' lang='lat' dir='ltr'>Bullingeri</span> <span class='ocrx_word' id='word_1_148' title='bbox 390 1477 478 1516; x_wconf 88' lang='lat' dir='ltr'>filia.</span> <span class='ocrx_word' id='word_1_149' title='bbox 534 1477 604 1515; x_wconf 89' lang='lat' dir='ltr'>Est</span> <span class='ocrx_word' id='word_1_150' title='bbox 622 1476 687 1514; x_wconf 88' lang='lat' dir='ltr'>illa</span> <span class='ocrx_word' id='word_1_151' title='bbox 705 1476 779 1527; x_wconf 87' lang='lat' dir='ltr'>pia,</span> <span class='ocrx_word' id='word_1_152' title='bbox 800 1481 838 1514; x_wconf 92' lang='lat' dir='ltr'>et</span> <span class='ocrx_word' id='word_1_153' title='bbox 862 1476 934 1527; x_wconf 88' lang='lat' dir='ltr'>piis</span> <span class='ocrx_word' id='word_1_154' title='bbox 952 1476 1168 1527; x_wconf 86' lang='lat' dir='ltr'>parentibus</span> <span class='ocrx_word' id='word_1_155' title='bbox 1188 1476 1326 1527; x_wconf 82' lang='lat' dir='ltr'>genita.</span> <span class='ocrx_word' id='word_1_156' title='bbox 1384 1476 1444 1513; x_wconf 87' lang='lat' dir='ltr'>Ita</span> <span class='ocrx_word' id='word_1_157' title='bbox 1462 1473 1574 1512; x_wconf 88' lang='lat' dir='ltr'>etiam</span> <span class='ocrx_word' id='word_1_158' title='bbox 1594 1477 1734 1511; x_wconf 86' lang='lat' dir='ltr'>noster.</span> 
     </span>
     <span class='ocr_line' id='line_1_19' title="bbox 160 1541 1332 1592; baseline 0.001 -14"><span class='ocrx_word' id='word_1_159' title='bbox 160 1541 286 1586; x_wconf 86' lang='lat' dir='ltr'>Quare</span> <span class='ocrx_word' id='word_1_160' title='bbox 305 1542 400 1580; x_wconf 86' lang='lat' dir='ltr'>bene</span> <span class='ocrx_word' id='word_1_161' title='bbox 417 1541 589 1588; x_wconf 82' lang='lat' dir='ltr'>feceritis,</span> <span class='ocrx_word' id='word_1_162' title='bbox 609 1541 641 1580; x_wconf 91' lang='lat' dir='ltr'>si</span> <span class='ocrx_word' id='word_1_163' title='bbox 659 1541 722 1592; x_wconf 91' lang='lat' dir='ltr'>pio</span> <span class='ocrx_word' id='word_1_164' title='bbox 743 1541 921 1592; x_wconf 81' lang='lat' dir='ltr'>conjugio</span> <span class='ocrx_word' id='word_1_165' title='bbox 939 1554 1005 1592; x_wconf 88' lang='lat' dir='ltr'>per</span> <span class='ocrx_word' id='word_1_166' title='bbox 1022 1555 1088 1579; x_wconf 91' lang='lat' dir='ltr'>vos</span> <span class='ocrx_word' id='word_1_167' title='bbox 1105 1541 1332 1592; x_wconf 87' lang='lat' dir='ltr'>copulentur.</span> 
     </span>
    </p>

    <p class='ocr_par' dir='ltr' id='par_1_8' title="bbox 156 1601 1736 1980">
     <span class='ocr_line' id='line_1_20' title="bbox 237 1601 1733 1656; baseline -0.003 -13"><span class='ocrx_word' id='word_1_168' title='bbox 237 1605 341 1644; x_wconf 88' lang='lat' dir='ltr'>Bene</span> <span class='ocrx_word' id='word_1_169' title='bbox 364 1606 456 1653; x_wconf 85' lang='lat' dir='ltr'>vale,</span> <span class='ocrx_word' id='word_1_170' title='bbox 475 1606 665 1645; x_wconf 88' lang='lat' dir='ltr'>carissime</span> <span class='ocrx_word' id='word_1_171' title='bbox 688 1605 711 1643; x_wconf 87' lang='lat' dir='ltr'><strong>J</strong></span> <span class='ocrx_word' id='word_1_172' title='bbox 715 1605 804 1644; x_wconf 88' lang='lat' dir='ltr'>osia.</span> <span class='ocrx_word' id='word_1_173' title='bbox 860 1605 1038 1644; x_wconf 89' lang='lat' dir='ltr'>Nostram</span> <span class='ocrx_word' id='word_1_174' title='bbox 1060 1605 1342 1656; x_wconf 85' lang='lat' dir='ltr'>Magdalenam,</span> <span class='ocrx_word' id='word_1_175' title='bbox 1361 1603 1524 1650; x_wconf 86' lang='lat' dir='ltr'>Annam,</span> <span class='ocrx_word' id='word_1_176' title='bbox 1547 1601 1733 1641; x_wconf 87' lang='lat' dir='ltr'>Nobilita—</span> 
     </span>
     <span class='ocr_line' id='line_1_21' title="bbox 157 1666 1735 1721; baseline -0.003 -13"><span class='ocrx_word' id='word_1_177' title='bbox 157 1671 286 1718; x_wconf 86' lang='lat' dir='ltr'>tulam,</span> <span class='ocrx_word' id='word_1_178' title='bbox 316 1683 391 1708; x_wconf 91' lang='lat' dir='ltr'>una</span> <span class='ocrx_word' id='word_1_179' title='bbox 424 1683 509 1709; x_wconf 89' lang='lat' dir='ltr'>cum</span> <span class='ocrx_word' id='word_1_180' title='bbox 544 1670 697 1717; x_wconf 85' lang='lat' dir='ltr'>maritis,</span> <span class='ocrx_word' id='word_1_181' title='bbox 727 1683 813 1708; x_wconf 91' lang='lat' dir='ltr'>meo</span> <span class='ocrx_word' id='word_1_182' title='bbox 849 1669 1002 1708; x_wconf 85' lang='lat' dir='ltr'>nomine</span> <span class='ocrx_word' id='word_1_183' title='bbox 1031 1671 1168 1708; x_wconf 86' lang='lat' dir='ltr'>salvere</span> <span class='ocrx_word' id='word_1_184' title='bbox 1194 1670 1352 1721; x_wconf 88' lang='lat' dir='ltr'>jubebis.</span> <span class='ocrx_word' id='word_1_185' title='bbox 1408 1667 1596 1707; x_wconf 84' lang='lat' dir='ltr'>Salutibus</span> <span class='ocrx_word' id='word_1_186' title='bbox 1621 1666 1735 1704; x_wconf 88' lang='lat' dir='ltr'>etiam</span> 
     </span>
     <span class='ocr_line' id='line_1_22' title="bbox 158 1729 1735 1782; baseline -0.004 -9"><span class='ocrx_word' id='word_1_187' title='bbox 158 1735 338 1774; x_wconf 86' lang='lat' dir='ltr'>adobrues</span> <span class='ocrx_word' id='word_1_188' title='bbox 358 1735 566 1782; x_wconf 88' lang='lat' dir='ltr'>Hallerum,</span> <span class='ocrx_word' id='word_1_189' title='bbox 597 1736 832 1780; x_wconf 87' lang='lat' dir='ltr'>Lavaterum,</span> <span class='ocrx_word' id='word_1_190' title='bbox 852 1733 1123 1781; x_wconf 90' lang='lat' dir='ltr'>Wonlichium‚</span> <span class='ocrx_word' id='word_1_191' title='bbox 1142 1734 1347 1781; x_wconf 88' lang='lat' dir='ltr'>Wickium,</span> <span class='ocrx_word' id='word_1_192' title='bbox 1371 1734 1525 1779; x_wconf 85' lang='lat' dir='ltr'>Julium,</span> <span class='ocrx_word' id='word_1_193' title='bbox 1555 1729 1735 1771; x_wconf 86' lang='lat' dir='ltr'>Froscho-</span> 
     </span>
     <span class='ocr_line' id='line_1_23' title="bbox 156 1795 1736 1851; baseline -0.003 -14"><span class='ocrx_word' id='word_1_194' title='bbox 156 1812 296 1846; x_wconf 88' lang='lat' dir='ltr'>verum,</span> <span class='ocrx_word' id='word_1_195' title='bbox 317 1801 339 1838; x_wconf 89' lang='lat' dir='ltr'>J</span> <span class='ocrx_word' id='word_1_196' title='bbox 344 1799 530 1838; x_wconf 85' lang='lat' dir='ltr'>ohannem</span> <span class='ocrx_word' id='word_1_197' title='bbox 548 1798 757 1838; x_wconf 89' lang='lat' dir='ltr'>Henricum</span> <span class='ocrx_word' id='word_1_198' title='bbox 778 1797 998 1845; x_wconf 87' lang='lat' dir='ltr'>Fabricium,</span> <span class='ocrx_word' id='word_1_199' title='bbox 1019 1799 1258 1846; x_wconf 85' lang='lat' dir='ltr'>Michaelem‚</span> <span class='ocrx_word' id='word_1_200' title='bbox 1278 1799 1311 1837; x_wconf 91' lang='lat' dir='ltr'>si</span> <span class='ocrx_word' id='word_1_201' title='bbox 1328 1799 1430 1846; x_wconf 88' lang='lat' dir='ltr'>vivit,</span> <span class='ocrx_word' id='word_1_202' title='bbox 1450 1798 1628 1851; x_wconf 88' lang='lat' dir='ltr'>Mejeros,</span> <span class='ocrx_word' id='word_1_203' title='bbox 1651 1795 1736 1833; x_wconf 92' lang='lat' dir='ltr'>Cel-</span> 
     </span>
     <span class='ocr_line' id='line_1_24' title="bbox 158 1861 1735 1911; baseline -0.003 -9"><span class='ocrx_word' id='word_1_204' title='bbox 158 1863 282 1911; x_wconf 87' lang='lat' dir='ltr'>larios,</span> <span class='ocrx_word' id='word_1_205' title='bbox 310 1863 541 1911; x_wconf 68' lang='lat' dir='ltr'>Thaddwm,</span> <span class='ocrx_word' id='word_1_206' title='bbox 573 1865 738 1911; x_wconf 87' lang='lat' dir='ltr'>Bettam,</span> <span class='ocrx_word' id='word_1_207' title='bbox 781 1870 819 1902; x_wconf 88' lang='lat' dir='ltr'>et</span> <span class='ocrx_word' id='word_1_208' title='bbox 856 1877 988 1902; x_wconf 87' lang='lat' dir='ltr'>omnes</span> <span class='ocrx_word' id='word_1_209' title='bbox 1015 1863 1118 1903; x_wconf 86' lang='lat' dir='ltr'>alios.</span> <span class='ocrx_word' id='word_1_210' title='bbox 1177 1865 1267 1903; x_wconf 87' lang='lat' dir='ltr'>Mea</span> <span class='ocrx_word' id='word_1_211' title='bbox 1293 1877 1360 1903; x_wconf 85' lang='lat' dir='ltr'>vos</span> <span class='ocrx_word' id='word_1_212' title='bbox 1398 1876 1539 1902; x_wconf 74' lang='lat' dir='ltr'>omnes,</span> <span class='ocrx_word' id='word_1_213' title='bbox 1596 1861 1735 1900; x_wconf 83' lang='lat' dir='ltr'>Iterum</span> 
     </span>
     <span class='ocr_line' id='line_1_25' title="bbox 159 1930 472 1980; baseline 0 -13"><span class='ocrx_word' id='word_1_214' title='bbox 159 1930 251 1967; x_wconf 87' lang='lat' dir='ltr'>vale.</span> <span class='ocrx_word' id='word_1_215' title='bbox 306 1930 472 1980; x_wconf 83' lang='lat' dir='ltr'>Raptim.</span> 
     </span>
    </p>
   </div>
   <div class='ocr_carea' id='block_1_6' title="bbox 239 1993 1682 2247">
    <p class='ocr_par' dir='ltr' id='par_1_9' title="bbox 239 1993 1682 2247">
     <span class='ocr_line' id='line_1_26' title="bbox 239 1993 842 2041; baseline 0 -9"><span class='ocrx_word' id='word_1_216' title='bbox 239 1993 472 2041; x_wconf 77' lang='lat' dir='ltr'>Ludhamiae,</span> <span class='ocrx_word' id='word_1_217' title='bbox 503 1996 552 2031; x_wconf 88' lang='lat'>30</span> <span class='ocrx_word' id='word_1_218' title='bbox 579 1993 696 2040; x_wconf 85' lang='lat' dir='ltr'>Junii,</span> <span class='ocrx_word' id='word_1_219' title='bbox 730 1995 842 2032; x_wconf 74' lang='lat'>1574.</span> 
     </span>
     <span class='ocr_line' id='line_1_27' title="bbox 1047 2057 1160 2105; baseline -0.018 -8"><span class='ocrx_word' id='word_1_220' title='bbox 1047 2057 1160 2105; x_wconf 87' lang='lat' dir='ltr'>Tuus,</span> 
     </span>
     <span class='ocr_line' id='line_1_28' title="bbox 875 2135 1682 2183; baseline -0.004 -5"><span class='ocrx_word' id='word_1_221' title='bbox 875 2139 1165 2180; x_wconf 69' lang='grc' dir='ltr'>ιΙΟΗΑΝΝΕὸ</span> <span class='ocrx_word' id='word_1_222' title='bbox 1197 2137 1605 2183; x_wconf 71' lang='lat' dir='ltr'>PAHKHURSTUS,</span> <span class='ocrx_word' id='word_1_223' title='bbox 1634 2135 1682 2176; x_wconf 88' lang='lat' dir='ltr'>N.</span> 
     </span>
     <span class='ocr_line' id='line_1_29' title="bbox 503 2220 765 2247; baseline 0 -1"><span class='ocrx_word' id='word_1_224' title='bbox 503 2220 765 2247; x_wconf 73' lang='lat' dir='ltr'>lecmP&#39;rlo.</span> 
     </span>
    </p>
   </div>
   <div class='ocr_carea' id='block_1_7' title="bbox 243 2274 973 2388">
    <p class='ocr_par' dir='ltr' id='par_1_10' title="bbox 243 2274 973 2388">
     <span class='ocr_line' id='line_1_30' title="bbox 243 2274 973 2313; baseline 0.001 -2"><span class='ocrx_word' id='word_1_225' title='bbox 243 2275 435 2313; x_wconf 79' lang='lat' dir='ltr'>Praeclaro</span> <span class='ocrx_word' id='word_1_226' title='bbox 462 2277 546 2313; x_wconf 69' lang='lat' dir='ltr'>viro</span> <span class='ocrx_word' id='word_1_227' title='bbox 574 2277 622 2312; x_wconf 94' lang='lat' dir='ltr'>D.</span> <span class='ocrx_word' id='word_1_228' title='bbox 652 2277 769 2313; x_wconf 78' lang='lat' dir='ltr'>Josz&#39;ae</span> <span class='ocrx_word' id='word_1_229' title='bbox 800 2274 973 2313; x_wconf 79' lang='lat' dir='ltr'>Simlero.</span> 
     </span>
     <span class='ocr_line' id='line_1_31' title="bbox 570 2340 714 2388; baseline 0.007 -12"><span class='ocrx_word' id='word_1_230' title='bbox 570 2340 603 2376; x_wconf 87' lang='lat' dir='ltr'><em>T</em></span> <span class='ocrx_word' id='word_1_231' title='bbox 602 2342 714 2388; x_wconf 58' lang='lat' dir='ltr'>[gurd.</span> 
     </span>
    </p>
   </div>
   <div class='ocr_carea' id='block_1_8' title="bbox 703 2615 1190 2660">
    <p class='ocr_par' dir='ltr' id='par_1_11' title="bbox 703 2615 1190 2660">
     <span class='ocr_line' id='line_1_32' title="bbox 703 2615 1190 2660; baseline 0 -2"><span class='ocrx_word' id='word_1_232' title='bbox 703 2617 1001 2660; x_wconf 83' lang='lat' dir='ltr'><strong>EPISTOLA</strong></span> <span class='ocrx_word' id='word_1_233' title='bbox 1043 2615 1190 2658; x_wconf 75' lang='lat' dir='ltr'>CXX.</span> 
     </span>
    </p>
   </div>
   <div class='ocr_carea' id='block_1_9' title="bbox 356 2772 1558 2811">
    <p class='ocr_par' dir='ltr' id='par_1_12' title="bbox 356 2772 1558 2811">
     <span class='ocr_line' id='line_1_33' title="bbox 356 2772 1558 2811; baseline -0.002 -6"><span class='ocrx_word' id='word_1_234' title='bbox 356 2774 597 2807; x_wconf 85' lang='lat' dir='ltr'>RICARDUS</span> <span class='ocrx_word' id='word_1_235' title='bbox 626 2778 781 2810; x_wconf 88' lang='lat' dir='ltr'>COXUS</span> <span class='ocrx_word' id='word_1_236' title='bbox 804 2779 873 2810; x_wconf 87' lang='lat' dir='ltr'>AD</span> <span class='ocrx_word' id='word_1_237' title='bbox 903 2775 1210 2811; x_wconf 85' lang='lat' dir='ltr'><strong>RODOLPHUM</strong></span> <span class='ocrx_word' id='word_1_238' title='bbox 1244 2772 1558 2806; x_wconf 82' lang='lat' dir='ltr'><strong>GUALTERUM.</strong></span> 
     </span>
    </p>
   </div>
   <div class='ocr_carea' id='block_1_10' title="bbox 169 2852 1748 2974">
    <p class='ocr_par' dir='ltr' id='par_1_13' title="bbox 169 2852 1748 2974">
     <span class='ocr_line' id='line_1_34' title="bbox 249 2852 1746 2910; baseline 0.003 -18"><span class='ocrx_word' id='word_1_239' title='bbox 249 2854 426 2894; x_wconf 67' lang='lat' dir='ltr'>ermm:</span> <span class='ocrx_word' id='word_1_240' title='bbox 463 2862 553 2904; x_wconf 83' lang='lat' dir='ltr'>tuae,</span> <span class='ocrx_word' id='word_1_241' title='bbox 592 2871 683 2908; x_wconf 89' lang='lat' dir='ltr'>quas</span> <span class='ocrx_word' id='word_1_242' title='bbox 723 2861 769 2896; x_wconf 88' lang='grc'>16</span> <span class='ocrx_word' id='word_1_243' title='bbox 808 2860 938 2898; x_wconf 86' lang='lat' dir='ltr'>Martii</span> <span class='ocrx_word' id='word_1_244' title='bbox 975 2859 1168 2910; x_wconf 87' lang='lat' dir='ltr'>scripsisti,</span> <span class='ocrx_word' id='word_1_245' title='bbox 1218 2858 1334 2902; x_wconf 79' lang='lat'>1574,</span> <span class='ocrx_word' id='word_1_246' title='bbox 1372 2856 1485 2894; x_wconf 77' lang='lat' dir='ltr'>frater</span> <span class='ocrx_word' id='word_1_247' title='bbox 1521 2855 1558 2892; x_wconf 84' lang='lat' dir='ltr'>in</span> <span class='ocrx_word' id='word_1_248' title='bbox 1596 2852 1746 2891; x_wconf 74' lang='lat' dir='ltr'>Christo</span> 
     </span>
     <span class='ocr_line' id='line_1_35' title="bbox 169 2919 1748 2974; baseline 0.001 -19"><span class='ocrx_word' id='word_1_249' title='bbox 169 2919 368 2967; x_wconf 85' lang='lat' dir='ltr'>carissime,</span> <span class='ocrx_word' id='word_1_250' title='bbox 404 2923 531 2974; x_wconf 84' lang='lat' dir='ltr'>accepi</span> <span class='ocrx_word' id='word_1_251' title='bbox 567 2928 743 2973; x_wconf 82' lang='lat' dir='ltr'>sequente</span> <span class='ocrx_word' id='word_1_252' title='bbox 780 2936 908 2961; x_wconf 84' lang='lat' dir='ltr'>mense</span> <span class='ocrx_word' id='word_1_253' title='bbox 944 2924 1082 2967; x_wconf 87' lang='lat' dir='ltr'>Juni0;</span> <span class='ocrx_word' id='word_1_254' title='bbox 1123 2936 1209 2973; x_wconf 74' lang='lat' dir='ltr'>quae</span> <span class='ocrx_word' id='word_1_255' title='bbox 1249 2921 1399 2972; x_wconf 84' lang='lat' dir='ltr'>quidem</span> <span class='ocrx_word' id='word_1_256' title='bbox 1431 2934 1491 2958; x_wconf 84' lang='lat' dir='ltr'>me</span> <span class='ocrx_word' id='word_1_257' title='bbox 1523 2931 1748 2969; x_wconf 83' lang='lat' dir='ltr'>magnopere</span> 
     </span>
    </p>
   </div>
   <div class='ocr_carea' id='block_1_11' title="bbox 169 2983 1748 3089">
    <p class='ocr_par' dir='ltr' id='par_1_14' title="bbox 169 2983 1748 3089">
     <span class='ocr_line' id='line_1_36' title="bbox 169 2983 1748 3037; baseline -0.002 -17"><span class='ocrx_word' id='word_1_258' title='bbox 169 2983 411 3033; x_wconf 87' lang='lat' dir='ltr'>delectarunt,</span> <span class='ocrx_word' id='word_1_259' title='bbox 432 2991 470 3024; x_wconf 85' lang='lat' dir='ltr'>et</span> <span class='ocrx_word' id='word_1_260' title='bbox 487 2987 586 3037; x_wconf 87' lang='lat' dir='ltr'>quod</span> <span class='ocrx_word' id='word_1_261' title='bbox 605 3001 626 3026; x_wconf 82' lang='lat' dir='ltr'>a</span> <span class='ocrx_word' id='word_1_262' title='bbox 644 2988 721 3026; x_wconf 84' lang='lat' dir='ltr'>viro</span> <span class='ocrx_word' id='word_1_263' title='bbox 740 2988 969 3027; x_wconf 83' lang='lat' dir='ltr'>amicissimo</span> <span class='ocrx_word' id='word_1_264' title='bbox 995 2988 1186 3037; x_wconf 64' lang='lat' dir='ltr'>profecta»,</span> <span class='ocrx_word' id='word_1_265' title='bbox 1216 2992 1254 3024; x_wconf 85' lang='lat' dir='ltr'>et</span> <span class='ocrx_word' id='word_1_266' title='bbox 1275 2986 1373 3036; x_wconf 87' lang='lat' dir='ltr'>quod</span> <span class='ocrx_word' id='word_1_267' title='bbox 1393 2983 1748 3024; x_wconf 85' lang='lat' dir='ltr'>commonefecerint</span> 
     </span>
     <span class='ocr_line' id='line_1_37' title="bbox 1474 3049 1631 3089; baseline 0.013 -2"><span class='ocrx_word' id='word_1_268' title='bbox 1474 3049 1631 3089; x_wconf 44' lang='lat'>*12--2’</span> 
     </span>
    </p>
   </div>
  </div>
 </body>
</html>
