1969 3243
246 169 327 209 184!
507 180 689 206 EDWINUS
724 178 872 205 SANDUS
908 177 961 203 AD
995 176 1235 203 RODOLPHUM
1267 175 1524 202 GUALTERUM.
1653 162 1796 219 [EPIST.

736 356 1032 400 EPISTOLA
1073 355 1289 398 CXXIV.

411 509 634 541 EDWINUS
663 508 845 540 SANDUS
870 509 937 538 AD
966 507 1273 539 RODOLPHUM
1305 506 1622 537 GUALTERUM.

317 585 466 629 SALVE,
493 583 704 622 doctissime
732 583 786 620 vir
811 588 849 620 et
881 581 1066 619 carissime
1097 581 1220 618 frater.
1285 580 1372 618 Non
1402 593 1494 630 opus
1526 586 1582 617 est
1613 585 1654 616 ut
1685 580 1731 617 ad
1760 585 1797 618 te

239 650 413 689 scribam:
449 649 512 685 en!
542 648 668 699 accipe
695 647 808 684 filium
840 652 958 683 tuum.
1015 645 1052 683 Is
1083 645 1152 683 erit
1181 644 1271 682 mihi
1300 645 1397 694 apud
1427 649 1464 681 te
1490 656 1556 694 pro
1581 644 1709 690 literis,
1738 650 1795 681 ut-

237 719 322 766 pote
356 713 419 764 qui
451 726 524 764 quo
557 713 595 750 in
630 717 727 749 statu
757 724 815 748 res
846 715 986 748 nostrae
1018 709 1239 760 Anglicanae
1276 708 1515 753 collocantur,
1553 708 1692 759 optime
1729 708 1797 745 tibi

237 791 383 815 narrare
415 777 542 828 possit.
612 776 853 814 Innovatores
882 774 1012 819 nostri,
1050 774 1111 824 qui
1142 786 1276 811 novam
1308 772 1476 810 ecclesiae
1504 771 1660 810 formam
1691 771 1798 809 nobis

237 843 367 880 cudere
390 842 666 886 contenderunt,
694 853 770 878 non
797 839 953 877 multum
978 838 1162 883 efficiunt;
1189 850 1258 875 nec
1285 842 1363 873 tam
1388 836 1543 874 feliciter
1565 836 1798 887 progreditur

236 906 307 945 hoc
334 919 468 944 novum
497 905 707 950 aedificium,
732 905 786 941 uti
806 904 998 955 putabant.
1054 902 1229 940 Sentiunt
1256 900 1408 938 tandem
1437 901 1594 946 nobiles,
1622 901 1660 937 in
1687 913 1796 951 quem

236 972 346 1008 finem
375 971 458 1008 haec
482 969 632 1007 insolita
652 969 771 1006 tendit
794 968 1000 1006 fabricatio.
1056 966 1197 1004 Auctor
1222 965 1374 1003 istarum
1407 978 1584 1002 novarum
1605 977 1738 1009 rerum,
1759 969 1797 1001 et

235 1041 319 1086 post
346 1036 485 1072 Bezam
506 1033 645 1084 primus
670 1033 852 1078 inventor,
882 1038 938 1070 est
963 1032 1177 1070 adolescens
1200 1030 1432 1080 Anglicanus
1458 1030 1607 1067 nomine
1630 1028 1795 1067 Thomas

235 1098 514 1149 Cartwrightus‚
550 1111 659 1148 quem
690 1097 794 1135 aiunt
821 1098 900 1147 jam
929 1096 1068 1133 haerere
1102 1094 1380 1144 Heidelbergae.
1446 1094 1539 1131 Inde
1572 1093 1794 1144 jampridem

234 1164 381 1214 scripsit
402 1164 535 1201 librum
555 1162 688 1200 Latine
711 1162 750 1199 in
770 1161 1025 1198 defensionem
1049 1172 1157 1197 novae
1182 1159 1289 1196 istius
1315 1158 1536 1208 disciplinae,
1556 1171 1666 1208 quam
1688 1157 1796 1196 nobis

234 1228 426 1266 obtrudere
462 1227 590 1265 voluit.
656 1226 745 1264 Non
775 1226 849 1263 vidi
882 1225 1060 1263 hactenus
1091 1225 1235 1269 librum,
1268 1223 1333 1260 sed
1361 1222 1471 1260 audio
1503 1222 1721 1273 impressum
1757 1229 1795 1260 et

233 1293 279 1330 ad
308 1306 374 1330 nos
401 1292 551 1329 allatum
578 1304 679 1329 esse:
712 1290 982 1341 quamprimum
1000 1289 1142 1327 venerit
1166 1289 1213 1326 ad
1230 1300 1361 1325 manus
1383 1300 1498 1332 meas,
1526 1287 1661 1324 curabo
1685 1292 1727 1324 ut
1748 1288 1794 1325 ad

233 1364 270 1395 te
299 1357 476 1394 mittatur.
545 1356 602 1393 De
632 1355 763 1393 ceteris
792 1355 912 1399 rebus,
945 1367 1029 1406 quae.
1057 1353 1118 1392 hic
1147 1358 1319 1404 aguntur,
1349 1351 1445 1389 filius
1476 1356 1561 1388 tuus
1593 1356 1630 1388 te
1662 1351 1793 1389 certio-

230 1434 308 1459 rem
335 1421 456 1459 faciet.
512 1420 598 1470 Ipse
622 1419 772 1457 festinat
793 1419 839 1457 ad
867 1419 958 1465 iter;
988 1432 1060 1469 ego
1088 1431 1175 1456 vero
1198 1418 1243 1455 ad
1268 1417 1415 1468 publica
1442 1415 1608 1454 eeclesiae
1626 1415 1792 1466 negotia,

231 1485 361 1537 quibus
389 1484 587 1536 opprimor.

308 1549 452 1587 Primus
488 1561 596 1599 quem
640 1548 686 1584 ad
725 1553 761 1584 te
800 1547 883 1585 misi
919 1560 1062 1598 pannus
1102 1552 1181 1584 erat
1220 1560 1243 1583 a
1280 1545 1549 1596 praedatoribus
1588 1544 1789 1595 subreptus.

234 1615 374 1651 Rursus
405 1612 503 1657 misi,
531 1617 569 1649 et
596 1616 779 1648 mercator
807 1611 895 1649 dicit
926 1610 1018 1648 mihi
1051 1616 1088 1648 te
1122 1610 1308 1661 accepisse
1339 1609 1452 1647 illum.
1521 1609 1625 1647 Bene
1659 1613 1727 1653 est,
1762 1609 1793 1645 si

233 1678 285 1714 ita
319 1677 375 1714 sit.
450 1676 553 1712 Bene
587 1675 678 1721 vale,
718 1674 771 1712 vir
804 1675 1074 1719 colendissime,
1111 1680 1148 1711 et
1181 1687 1309 1725 perge,
1344 1679 1386 1710 ut
1421 1672 1522 1718 facis,
1560 1686 1619 1710 me
1655 1685 1788 1711 amare.

234 1740 397 1791 Raptim.
453 1738 658 1777 Fulhamiae
687 1738 723 1775 in
752 1737 903 1788 Anglia,
933 1741 956 1775 9
985 1737 1159 1788 Augusti,
1192 1738 1302 1774 1574.

797 1819 897 1858 Tuus
925 1819 963 1857 in
992 1818 1142 1858 Christo
1169 1818 1280 1857 frater
1305 1824 1342 1856 et
1369 1818 1522 1864 amicus,

1108 1899 1360 1938 EDWINUS
1395 1898 1618 1944 SANDUS,

1381 1980 1589 2031 Episcopus
1618 1980 1789 2018 London.

577 2048 835 2075 INSCRIPTIO.

314 2104 540 2142 Doctissimo
568 2104 648 2140 viro
672 2106 705 2140 et
726 2102 854 2152 fratri
880 2114 945 2138 suo
963 2101 1168 2146 carissimo,

358 2170 404 2205 D.
428 2168 624 2217 Rodolplzo
653 2168 847 2210 Gualtero,
868 2167 908 2202 in
931 2166 1083 2202 ecclesia,
1109 2164 1142 2200 T
1140 2167 1168 2202 ι’-

358 2234 498 2281 gmina
516 2232 616 2268 verbi
634 2231 706 2268 Det
720 2231 905 2274 ministro,
920 2230 962 2265 in
982 2230 1169 2266 Helvetia.

733 2449 1027 2491 EPISTOLA
1069 2449 1261 2492 CXXV.

413 2610 651 2641 RICARDUS
681 2609 832 2641 COXUS
862 2611 929 2641 AD
960 2609 1217 2641 HENRICUM
1246 2607 1615 2639 BULLINGERUM.

312 2684 441 2720 SALVE
464 2683 502 2720 in
526 2682 688 2721 Christo.
743 2683 945 2721 Plurimum
967 2683 1035 2721 tibi
1062 2697 1121 2720 me
1146 2683 1275 2720 debere
1300 2682 1429 2727 fateor,
1452 2681 1563 2718 frater
1586 2679 1787 2723 carissime,

237 2748 338 2798 quod
374 2761 433 2785 me
464 2748 579 2786 literis
614 2749 700 2794 tuis,
738 2749 824 2786 licet
851 2748 1033 2793 brevibus,
1062 2747 1271 2785 humaniter
1297 2745 1474 2783 inviseris.
1526 2745 1723 2795 AEgrotare
1750 2748 1789 2780 te

236 2812 389 2849 subinde
407 2825 481 2849 non
501 2818 557 2849 cst
574 2813 721 2858 mirum,
741 2826 823 2850 cum
844 2818 1013 2850 senectus
1031 2813 1112 2863 ipsa
1131 2812 1178 2850 sit
1195 2810 1315 2848 morbi
1334 2822 1463 2860 genus.
1499 2809 1538 2846 Si
1555 2822 1578 2846 a
1591 2807 1787 2845 scribendo

232 2876 480 2926 supersedeas,
507 2877 545 2914 in
571 2876 628 2914 his
652 2877 796 2914 interim
823 2877 1109 2927 acquiescemus,
1139 2889 1223 2927 quae
1251 2875 1429 2912 hactenus
1447 2887 1512 2924 per
1531 2872 1602 2910 Dei
1629 2871 1785 2921 gratiam

231 2940 367 2977 utiliter
394 2939 571 2990 scripsisti
595 2940 642 2977 ad
666 2941 744 2990 ejus
769 2940 924 2990 gloriam
959 2946 995 2977 et
1019 2953 1097 2977 suae
1127 2938 1295 2977 ecclesiae
1325 2936 1624 2975 aedificationem.
1680 2934 1785 2972 Deus

229 3009 352 3041 autem
378 3003 444 3041 tibi
477 3003 568 3041 vires
596 3003 804 3054 suppeditet
829 3003 875 3048 ad
902 3017 946 3041 ea
972 3003 1194 3054 praestanda,
1217 3014 1301 3053 quae
1325 3001 1450 3039 animo
1477 3000 1539 3053 pio
1567 2998 1782 3052 praesumis!
