1845 3233
175 126 228 170 72
484 143 685 170 JOHANNES
715 141 881 167 JUELLUS
917 141 969 165 AD
999 140 1139 165 JOSIAM
1174 141 1392 167 SIMLERUM.
1573 125 1714 182 [EPIST-

175 257 219 293 D.
241 257 523 302 Guldebeckum,
543 272 651 308 quam
669 263 773 308 potes
791 256 1083 306 diligentissime,
1102 269 1187 293 meo
1205 255 1364 293 nomine.
1411 255 1460 293 D.
1482 255 1718 295 Hermannus

171 327 207 356 te
235 321 374 358 salutat.
429 321 650 367 Sarisberiae,
684 324 728 358 18
756 320 932 371 Augusti,
961 322 1073 358 1562.

844 412 945 450 Tuus
970 412 1008 448 in
1038 411 1200 456 Christo,

944 505 966 541 J
972 504 1164 543 OHANN
1168 504 1226 542 ΕΞ
1252 505 1276 542 J
1281 505 1500 553 UELLUS,
1529 506 1687 558 Anglus.

445 584 700 610 mscmp'rm.

259 636 302 673 D.
321 637 435 673 Josz'oe
454 638 622 681 Simlem,
637 638 836 686 profitenti
852 650 981 674 sacras

320 701 446 737 literas
469 702 509 737 in
528 701 657 738 schola
678 702 710 737 T
711 703 880 749 igurz'na‚
899 703 980 738 viro

321 765 525 801 doctissimo
558 769 591 801 et
624 767 747 803 amico
778 778 843 802 suo
874 766 985 813 longe

321 830 521 865 carissimo.

711 1067 1002 1109 EPISTOLA
1035 1068 1159 1111 LIII.

237 1264 485 1296 JOHANNES
517 1266 862 1299 PARKHURSTUS
890 1269 958 1299 AD
989 1268 1244 1299 HENRICUM
1276 1268 1642 1301 BULLINGERUM.

244 1351 423 1389 L1⁷rERAs
451 1359 531 1391 tuas
559 1355 711 1405 scriptas
741 1358 789 1392 :22
811 1356 915 1393 Junii
940 1357 1061 1407 recepi
1086 1357 1151 1393 sub
1180 1355 1324 1393 initium
1353 1354 1526 1406 Augusti.
1579 1355 1712 1393 Editus

166 1421 221 1452 est
247 1416 343 1465 apud
369 1430 436 1454 nos
463 1418 616 1465 libellus,
649 1420 707 1457 cui
732 1420 860 1458 titulus
881 1420 1069 1471 Apologia
1100 1420 1265 1458 eeclesiae
1290 1419 1538 1469 Anglicanae3
1572 1420 1610 1457 in
1636 1433 1709 1470 quo

165 1479 378 1524 ostenditur,
401 1494 463 1518 cur
488 1482 757 1522 discesserimus
785 1499 806 1521 a
828 1499 924 1536 papa
945 1485 992 1522 ad
1019 1485 1218 1530 Christum,
1246 1489 1282 1521 et
1306 1497 1370 1521 cur
1392 1496 1600 1521 recusemus
1621 1497 1708 1522 con·

165 1542 287 1579 cilium
315 1544 576 1583 Tridentinum.
636 1548 764 1586 Potest
796 1549 873 1587 fieri
905 1550 1004 1600 quod
1036 1549 1108 1586 duo
1142 1549 1232 1586 editi
1262 1553 1348 1585 sunt
1379 1547 1504 1592 libelli,
1536 1548 1599 1585 sed
1636 1561 1709 1598 ego

164 1612 304 1644 tantum
331 1621 441 1645 unum
476 1609 571 1648 hunc
599 1612 682 1650 vidi.
749 1614 846 1651 Dedi
876 1614 913 1651 in
949 1613 1131 1651 mandatis
1166 1626 1249 1650 meo
1285 1612 1435 1657 famulo,
1468 1618 1508 1649 ut
1545 1612 1708 1650 Londini

166 1677 306 1719 quaerat
326 1673 382 1708 vel
403 1686 513 1710 unum
535 1676 592 1712 vel
616 1682 819 1728 utrumque,
848 1678 897 1727 (si
922 1679 1034 1715 modo
1057 1678 1128 1715 duo
1155 1675 1261 1728 sint,)
1285 1682 1323 1713 et
1340 1677 1460 1714 tradat
1479 1676 1710 1714 Birkmanno

165 1734 211 1770 ad
241 1734 521 1774 Froschoveruni
553 1739 653 1777 hisce
688 1742 862 1779 nundinis
897 1742 1160 1793 perferendum.
1227 1741 1302 1786 Qui
1331 1740 1498 1778 habitant
1531 1741 1705 1786 Londini,

164 1797 329 1836 videntur
357 1801 411 1837 sui
436 1802 545 1839 officii
573 1804 689 1848 obliti,
721 1806 782 1856 qui
806 1806 899 1843 tales
922 1806 1035 1844 libros
1059 1806 1105 1843 ad
1122 1818 1188 1843 vos
1203 1818 1280 1843 non
1298 1805 1460 1842 mittant.
1517 1804 1599 1843 Nisi
1628 1805 1705 1855 epi-

165 1875 293 1912 scopus
319 1862 590 1904 Cantuariensis
617 1868 662 1905 ad
691 1882 748 1906 me
774 1883 886 1906 unum
917 1870 1087 1914 misisset,
1112 1870 1254 1907 nullum
1282 1868 1399 1906 adhuc
1426 1868 1611 1907 vidissem.

239 1927 306 1963 Est
326 1928 362 1964 in
382 1928 569 1967 Norfolcia
594 1945 676 1969 mea
701 1935 924 1971 venerandus
948 1935 1093 1985 quidem
1116 1947 1241 1979 seneX,
1270 1934 1508 1970 concionator
1531 1934 1704 1984 optimus,

163 1996 199 2026 et
225 1991 392 2041 antiquus
420 1993 623 2032 antichristi
648 1997 835 2036 inimicus:
865 1999 903 2036 in
931 2000 1008 2050 ejus
1040 2013 1169 2037 manus
1194 1998 1360 2050 pervenit
1382 1998 1564 2035 sententia
1589 1999 1706 2036 Bren-

162 2053 269 2098 tiana,
289 2068 396 2105 quam
414 2057 473 2093 ubi
492 2058 657 2109 perlegit,
674 2063 846 2100 ambabus
866 2064 1034 2101 manibus
1053 2070 1109 2101 est
1127 2064 1330 2114 amplexus,
1350 2062 1425 2099 imo
1443 2062 1556 2099 etiam
1575 2069 1704 2100 contra

161 2116 299 2167 aliquos
320 2119 400 2168 pios
428 2126 463 2156 et
490 2121 616 2159 doctos
643 2130 784 2162 strenue
807 2133 843 2164 et
865 2127 1049 2165 mordicus
1077 2127 1249 2165 defendit.
1305 2126 1418 2172 Quod
1443 2126 1505 2163 Ubi
1529 2126 1576 2162 ad
1602 2140 1704 2164 meas

159 2193 263 2217 aures
285 2182 463 2231 perlatum
487 2191 594 2230 esset,
626 2187 707 2225 misi
735 2190 780 2226 ad
806 2204 889 2227 eum
916 2197 1016 2228 tuam
1040 2191 1331 2242 responsionem,
1357 2203 1466 2241 quam
1490 2189 1580 2226 mihi
1605 2191 1705 2228 dono

161 2244 313 2289 ‹ledisti3
335 2260 439 2296 quam
462 2249 523 2285 ubi
547 2250 741 2300 diligenter
764 2255 991 2304 perlegisset,
1019 2257 1065 2293 ad
1089 2269 1148 2292 me
1172 2256 1323 2300 remisit,
1343 2268 1455 2305 agens
1475 2254 1611 2304 gratias
1630 2256 1702 2305 pri—

160 2321 257 2344 mum
274 2308 354 2353 tibi,
373 2311 434 2360 qui
452 2312 524 2348 tale
552 2314 725 2364 scriptum
750 2318 986 2367 evulgaveris,
1007 2319 1139 2356 deinde
1158 2319 1261 2365 mihi,
1281 2319 1378 2369 quod
1397 2319 1442 2355 ad
1462 2318 1605 2368 aliquos
1625 2318 1703 2357 dies

159 2370 192 2406 ei
219 2378 343 2408 mutuo
375 2374 555 2413 dederim:
591 2378 667 2426 jam
696 2380 794 2417 enim
821 2383 994 2419 valedixit
1022 2383 1216 2421 sententiae
1250 2382 1479 2427 Brentianae,
1510 2382 1701 2419 veritatem

159 2440 194 2470 te
223 2441 366 2472 auctore
395 2439 590 2488 amplexus.
646 2441 766 2480 Credo
796 2458 877 2482 cum
906 2460 984 2483 esse
1016 2447 1088 2484 fere
1119 2447 1435 2497 nonagenarium3
1472 2459 1581 2497 quem
1608 2459 1701 2483 nun-

159 2510 263 2546 quam
291 2500 375 2544 vidi,
396 2514 481 2537 nam
508 2505 633 2553 procul
658 2519 679 2542 a
702 2519 759 2543 me
787 2509 910 2546 abest:
940 2511 1102 2560 equitare
1128 2511 1279 2548 minime
1304 2516 1441 2561 potest,
1464 2511 1539 2547 imo
1563 2510 1624 2546 vix
1646 2510 1701 2547 in-

159 2560 294 2597 cedere.
349 2563 391 2599 In
420 2566 571 2604 ecclesia
600 2569 657 2605 cui
687 2578 823 2620 praeest
850 2574 991 2611 assidue
1021 2575 1268 2613 concionatur.
1326 2575 1364 2612 Si
1393 2574 1589 2612 conciones
1618 2580 1700 2611 tuas

160 2623 411 2663 Hieremianas
440 2628 477 2665 in
507 2644 616 2668 unum
645 2634 814 2672 volumen
842 2637 1038 2686 redegeris,
1066 2643 1164 2676 recte
1192 2652 1276 2676 meo
1300 2638 1440 2688 judicio
1467 2638 1606 2676 feceris.

232 2686 291 2723 De
324 2689 436 2726 classe
470 2692 626 2742 chinae
660 2701 696 2732 et
726 2698 901 2736 militibus
930 2699 1066 2750 Anglis
1102 2702 1229 2753 scripsi
1265 2703 1311 2739 ad
1345 2707 1511 2739 nostrum
1548 2701 1699 2738 Gualte-

157 2762 258 2791 1-11111;
288 2749 374 2786 item
397 2753 439 2789 de
463 2754 573 2793 literis
596 2771 685 2807 quas
710 2760 755 2796 ad
782 2774 839 2798 me
864 2763 1008 2813 scripsit
1024 2764 1135 2802 miser
1154 2765 1372 2802 Burcherus.
1426 2764 1524 2801 Ante
1545 2770 1699 2814 quatuor

156 2811 231 2848 dies
257 2815 375 2863 recepi
397 2815 518 2854 literas
545 2833 566 2856 a
594 2821 792 2860 clarissimo
815 2824 1080 2865 Cantuariensi.
1137 2829 1287 2865 Summa
1308 2842 1433 2865 earum
1458 2827 1540 2865 haec
1563 2834 1631 2871 est,
1658 2833 1698 2864 ut

153 2875 346 2923 diligenter
374 2879 540 2917 omnibus
568 2884 699 2932 quibus
728 2887 867 2936 possim
895 2889 1108 2936 rationibus,
1137 2892 1183 2929 iis
1207 2897 1329 2928 tamen
1359 2891 1597 2935 clanculariis,
1624 2890 1696 2927 dis-

152 2939 300 2988 quiram,
319 2941 380 2990 qui
400 2947 436 2978 et
458 2950 546 2992 quot
573 2946 645 2983 sint
671 2948 708 2986 in
737 2962 817 2988 mea
835 2951 995 2999 dioecesi,
1024 2955 1086 3004 qui
1111 2968 1214 3005 purae
1239 2955 1407 3005 religioni
1431 2967 1507 2993 non
1535 2954 1693 2996 faveant,
