1845 3233
113 125 166 164 58
291 132 496 159 somNNEs
530 126 818 155 PARKHURSTUS
852 125 907 150 An
941 123 1154 150 HENRmUM
1183 121 1487 148 BULLINGERUM.
1541 105 1687 163 [Emsr.

108 249 235 288 omnia
266 244 492 284 faustis-sima
522 254 664 293 precor.
735 238 825 276 Mea
859 250 926 275 vos
958 249 1103 274 01111105.
1160 235 1303 273 Iterum
1336 235 1429 273 vale.
1464 234 1606 286 Scripsi
1637 237 1685 273 ad

111 321 149 351 te
177 324 302 351 11101150
332 308 482 346 Martio.

735 354 851 397 Tuus,

815 419 1103 459 ιΙΟΗΑΝΝΕΞ
1140 419 1555 467 PARKHURSTUS,

336 504 598 532 mscmp'rm.
1377 490 1686 534 Nordovicensis,

217 564 265 600 D.
294 563 461 598 Henrico
490 560 726 605 Bullingwo,

398 625 544 672 Tiguri.

647 829 945 872 EPISTOLA
987 827 1141 870 XLII.

191 983 444 1017 ιΙΟΗΑΝΝΕΞ
474 981 827 1012 PARKHURSTUS
852 980 920 1011 AD
950 978 1214 1011 HENRICUM
1243 977 1618 1009 BULLINGERUM.

192 1066 517 1104 HUMANISSIMAS
541 1067 622 1099 tuas
653 1061 779 1098 literas
804 1062 854 1096 23
882 1060 988 1099 Junii
1013 1059 1170 1110 scriptas
1197 1058 1327 1110 accepi
1350 1058 1481 1096 ultimo
1510 1058 1688 1109 Augusti,

113 1129 324 1170 doctissime
362 1127 592 1176 Bullingere.
665 1124 763 1170 Quae
798 1129 977 1175 quantum
1014 1123 1108 1161 mihi
1144 1123 1310 1161 animum
1347 1122 1535 1168 addidere,
1572 1136 1689 1174 quan-

114 1205 193 1235 tum
220 1191 497 1235 inflammarint,
524 1196 565 1228 ut
592 1191 631 1228 in
656 1189 850 1227 functione
876 1202 961 1227 mea
990 1188 1123 1227 alacris
1151 1189 1222 1226 sim
1249 1193 1287 1226 et
1310 1187 1418 1226 fortis
1442 1187 1481 1225 in
1509 1187 1687 1232 Domino,

113 1260 209 1300 haud
242 1257 349 1295 facile
387 1256 539 1292 dixero:
580 1260 622 1292 tu
652 1253 867 1304 hujusmodi
904 1253 1107 1292 calcaribus
1139 1252 1294 1291 subinde
1322 1265 1383 1289 me
1417 1251 1575 1302 instiges
1609 1265 1688 1290 oro.

115 1327 221 1376 Equo
248 1319 463 1371 tardigrado
493 1319 723 1356 admovenda
750 1317 921 1356 calcaria.
990 1317 1179 1355 Dominus
1208 1322 1400 1355 convertat
1432 1322 1496 1353 aut
1522 1321 1693 1354 conterat

114 1390 274 1441 quinque
292 1383 577 1423 Palzestinorum
596 1383 789 1434 satrapias,
810 1395 894 1433 quae
912 1381 985 1433 piis
1002 1381 1194 1419 molestias
1211 1381 1386 1419 exhibere
1404 1394 1481 1418 non
1496 1381 1688 1418 desinunt!

117 1452 228 1498 Quod
248 1448 454 1488 Burcherus
480 1461 501 1484 a
529 1447 658 1497 putido
684 1447 747 1484 illo
778 1452 916 1492 scorto,
942 1445 1041 1484 facto
1070 1445 1243 1490 divortio,
1270 1445 1319 1483 sit
1343 1446 1503 1491 avulsus,
1524 1445 1688 1495 gaudem

117 1516 213 1568 quod
236 1514 343 1551 aliam
372 1511 529 1556 (luxerit,
556 1511 645 1548 felix
674 1511 727 1548 illi
752 1511 988 1562 faustumque
1015 1510 1073 1548 sit.
1130 1510 1188 1547 De
1220 1509 1411 1548 Burchero
1437 1510 1691 1560 Burcherique

113 1582 222 1621 rebus
251 1578 298 1615 ad
332 1575 557 1614 Burcllerum
587 1588 685 1613 nunc
717 1575 851 1614 scribo.
904 1575 965 1612 Ab
997 1575 1062 1612 illo
1092 1580 1217 1612 cetera
1249 1573 1380 1612 disces.
1454 1573 1692 1625 Ubiquitistis

115 1644 306 1682 meliorem
334 1646 498 1677 mentem
527 1646 628 1690 opto,
654 1640 685 1677 si
710 1640 824 1677 modo
854 1645 1020 1677 mentem
1050 1638 1226 1684 habeant,
1251 1652 1336 1677 cum
1359 1639 1433 1676 sint
1461 1645 1498 1676 et
1525 1644 1693 1676 amentes

116 1715 154 1746 et
182 1708 394 1748 dementes3
426 1718 517 1755 quos
543 1703 649 1741 facile
679 1704 910 1742 debellabitis
939 1709 981 1741 tu
1010 1708 1048 1740 et
1078 1703 1250 1741 dominus
1282 1704 1442 1755 Martyr.
1503 1703 1577 1741 Sed
1606 1703 1695 1740 novi

118 1771 360 1823 gloriosorum
387 1768 590 1818 ingenium.
644 1768 745 1806 Victi
767 1782 842 1806 non
874 1769 1031 1813 cedent;
1064 1773 1103 1805 at
1130 1767 1203 1805 nisi
1226 1768 1462 1818 resipuerint,
1482 1768 1605 1805 vincet
1628 1781 1692 1805 eos

116 1835 300 1879 Christus,
329 1833 467 1870 vinciet
496 1839 535 1870 et
571 1832 740 1870 Satanas.
810 1833 996 1870 Dominus
1033 1832 1244 1870 Palatinum
1286 1831 1409 1869 Rheni
1450 1837 1488 1869 et
1525 1832 1693 1869 Hessum

116 1914 183 1938 suo
204 1897 341 1948 Spiritu
360 1897 582 1942 corroboret,
602 1903 640 1933 et
653 1897 857 1934 incolumes
877 1897 940 1934 diu
960 1897 1099 1934 servet!
1131 1895 1267 1934 Cetera
1285 1896 1449 1934 narrabit
1469 1896 1537 1933 tibi
1557 1896 1693 1941 Julius,

117 1964 180 2014 qui
205 1962 274 1999 fuit
301 1961 499 1998 multorum
529 1973 603 1997 non
634 1966 777 1998 tantum
804 1961 957 2006 auritus,
988 1961 1055 1999 sed
1080 1966 1119 1998 et
1143 1961 1311 1998 oculatus
1342 1960 1458 1998 testis.
1516 1960 1697 1997 Resaluta

115 2032 242 2065 nostro
260 2025 410 2063 nominc
433 2024 612 2074 optimam
635 2031 738 2062 tuam
761 2039 928 2070 uxorem,
949 2025 1058 2070 filios,
1080 2025 1187 2070 filias,
1209 2038 1381 2076 generOS,
1403 2025 1450 2063 D.
1473 2025 1693 2075 Martyrem,

118 2091 165 2128 D.
187 2090 404 2134 Gesnerum,
423 2088 602 2125 &Volfium
621 2095 659 2126 et
677 2103 820 2128 omnes.
873 2091 963 2128 Mea
980 2103 1048 2127 vos
1067 2102 1211 2127 omnes.
1264 2089 1431 2140 Raptim,
1456 2088 1692 2134 Ludhamiae,

122 2156 137 2189 1
162 2153 399 2205 Septembris,
422 2154 535 2190 1561.

739 2207 851 2252 Tuus,

847 2272 1136 2311 JOHANNES
1174 2270 1588 2314 PARKHURSTUS,

1382 2346 1693 2386 Nordovicensis.

198 2419 381 2457 Omnibus
400 2421 500 2458 verbi
518 2421 697 2460 ministris
715 2437 778 2474 per
796 2430 915 2462 totam
935 2424 1153 2462 Suffolciam
1174 2430 1212 2461 et
1230 2423 1465 2462 Norfolciam
1485 2423 1523 2460 in
1543 2423 1697 2460 manda-

120 2484 168 2521 tis
193 2483 290 2529 (ledi,
312 2489 352 2520 ut
379 2489 460 2521 tuas
487 2485 690 2523 conciones
710 2487 748 2523 in
775 2487 1030 2539 Apocalypsin
1059 2488 1130 2526 sibi
1157 2494 1374 2539 comparent
1395 2488 1452 2525 vel
1478 2487 1612 2524 Latine
1636 2486 1698 2524 vel

123 2546 294 2596 Anglice.
347 2547 391 2584 In
411 2554 575 2585 nostram
594 2549 694 2586 enim
714 2553 947 2589 vernaculam
967 2553 1135 2602 linguam
1154 2552 1346 2590 transtulit
1364 2553 1387 2590 J
1390 2551 1557 2589 ohannes
1578 2551 1697 2594 Daus,

121 2611 176 2647 vir
206 2610 325 2646 bonus
357 2616 393 2647 et
426 2611 570 2657 doctus,
600 2613 890 2654 ludimoderator
921 2617 961 2654 in
998 2617 1086 2655 urbe
1118 2616 1295 2667 Ypsvico.
1353 2617 1495 2655 Iterum
1528 2616 1622 2660 vale,
1660 2620 1700 2651 et

124 2673 269 2709 valeant
296 2673 475 2723 Tigurini.

279 2759 537 2787 INSCRIPTIO.

207 2811 426 2848 Clarissimo
458 2815 540 2849 ’ϊίιό
573 2814 627 2851 D.

206 2875 373 2910 Henrico
396 2876 629 2925 Bzzllz'ngero,

345 2939 493 2986 Tigurc'.
