1845 3233
87 133 226 190 Lxlll.]
348 149 557 176 JOHANNES
590 148 763 175 JUELLUS
798 148 853 174 AD
887 146 1098 173 HENRICUM
1132 145 1432 172 BULLINGERUM.
1616 134 1672 175 83

88 264 326 309 Lavaterum,
357 265 403 302 ad
432 265 643 309 Simlcrum,
673 270 711 302 et
733 263 781 301 ad
807 262 962 300 Julium.
1027 261 1142 307 Quod
1169 261 1243 299 nisi
1270 261 1443 308 facerem,
1472 259 1587 298 videri
1614 259 1675 296 vix

88 342 252 380 possem,
272 342 350 366 non
377 328 461 366 dico
484 329 610 374 officii,
632 330 696 367 sed
723 342 771 366 ne
796 327 1042 365 humanitatis
1061 326 1212 377 quidem
1236 326 1420 364 rationem
1444 325 1557 362 ullam
1585 323 1673 362 reti-

88 406 188 430 nere.
247 392 297 430 Et
315 392 362 429 de
381 392 464 430 aliis
484 393 634 443 quidem
658 393 752 431 meis
770 392 886 430 literis
907 390 1152 441 superioribus
1172 390 1261 441 quid
1279 390 1419 428 factum
1440 389 1500 434 sit,
1520 387 1673 433 nesci03

88 456 279 507 proximas
307 462 431 494 autem
461 457 572 494 audio
602 457 641 494 in
670 456 789 494 navali
816 454 993 493 conflictu
1020 459 1196 506 exceptas
1221 453 1333 492 fuisse
1361 468 1383 491 a
1408 453 1536 497 Gallis,
1562 457 1674 503 atque

89 521 231 558 ablatas
260 520 445 558 Caletum.
503 522 576 559 Sed
602 522 715 560 missa
745 521 817 558 ista
843 519 949 558 facio.

167 584 280 623 Nunc
308 585 469 636 accipito
489 586 534 623 de
553 586 660 623 rebus
679 585 829 629 nostris,
851 598 943 635 quas
973 584 1040 621 tibi
1068 597 1134 634 pro
1167 590 1232 620 tua
1257 583 1397 634 pietate
1426 583 1549 633 magis
1570 581 1673 619 cordi

87 663 168 687 esse
204 655 262 687 sat
298 649 388 687 scio.
454 650 634 695 Primum,
667 650 711 687 de
743 649 925 700 religione
958 648 1085 686 omnia
1115 648 1217 686 domi
1250 649 1322 686 Dei
1353 647 1486 698 optimi
1516 645 1672 684 maximi

88 713 270 752 beneficio
297 720 432 764 pacata
463 720 564 752 sunt.
633 714 799 765 Papistee
834 713 962 750 exules
995 713 1147 750 turbant
1179 718 1217 750 ct
1249 712 1456 764 impediunt
1487 716 1672 762 quantum

86 784 269 829 possunt;
302 785 340 816 et
369 779 554 830 evulgatis
582 779 696 824 libris,
725 778 853 816 nescio
882 791 955 828 quo
984 791 1083 823 meo,
1113 777 1253 823 fatone,
1280 777 1413 821 dicam,
1435 790 1480 813 an
1505 775 1672 813 merito?

87 857 149 881 me
176 849 309 894 petunt
337 858 466 889 unum,
502 845 614 895 idque
649 844 744 882 terni
779 843 953 880 maximis
981 843 1202 880 clamoribus
1237 855 1312 879 uno
1341 848 1519 892 tempore.
1591 840 1673 877 Illis

87 909 260 946 omnibus
293 909 381 946 dum
410 922 506 946 unus
533 909 757 959 respondeo,
786 914 827 945 tu
854 921 915 944 me
946 920 993 944 ne
1023 913 1131 958 putes
1161 921 1244 945 csse
1275 907 1448 944 otiosum.
1506 904 1674 943 Ost'crtur

86 970 179 1008 mihi
212 972 309 1008 inter
341 971 415 1008 alia
453 984 567 1009 eausa
599 972 662 1009 illa
693 971 928 1022 ubiquitaria,
960 984 1072 1021 quam
1108 984 1181 1021 ego
1215 971 1253 1008 in
1287 970 1386 1007 senis
1422 969 1520 1006 illius
1551 967 1672 1005 nostri

87 1034 342 1086 Tubingensis
370 1036 542 1086 gratiam,
572 1042 613 1073 ut
640 1035 759 1087 potui,
789 1041 901 1085 utque
923 1048 982 1073 res
1003 1035 1104 1080 tulit,
1131 1035 1175 1072 de
1205 1035 1386 1072 industria
1413 1032 1539 1071 ornavi
1558 1031 1672 1084 pluri-

88 1100 181 1137 bus:
220 1100 286 1136 sed
317 1106 444 1137 nostra
480 1101 623 1150 lingua,
656 1105 785 1150 utpote
817 1099 1032 1137 hominibus
1073 1099 1221 1137 nostris.
1291 1099 1331 1136 Si
1365 1098 1516 1149 quidem
1551 1097 1670 1134 otium

87 1164 166 1208 erit,
187 1169 330 1214 partem
346 1164 511 1215 aliquam
538 1164 768 1209 transferam,
794 1170 832 1202 et
856 1164 903 1201 ad
931 1177 997 1202 vos
1025 1164 1183 1201 mittam.
1241 1164 1299 1201 De
1326 1163 1388 1201 illo
1414 1168 1542 1200 autem
1568 1175 1670 1205 sene,

88 1228 263 1279 equidem
301 1241 378 1265 non
420 1229 528 1266 video
566 1228 654 1279 quid
692 1229 847 1266 debeam
885 1235 1071 1267 statuere:
1122 1228 1175 1266 ita
1210 1227 1301 1264 mihi
1339 1227 1486 1264 videtur
1521 1227 1559 1263 in
1596 1226 1671 1264 sin-

85 1293 194 1341 gulos
213 1292 290 1330 dies
310 1293 432 1343 magis
452 1293 647 1343 magisque
664 1293 829 1331 delirare.
887 1293 982 1344 Legi
1002 1293 1103 1330 enim
1127 1305 1267 1330 novum
1287 1291 1485 1330 Menandri
1503 1290 1682 1342 phasma,>

86 1357 187 1408 quod
218 1369 317 1394 nunc
349 1370 469 1407 nuper
497 1357 621 1394 dedit:
657 1365 694 1394 et
727 1358 796 1395 tibi
829 1363 867 1395 et
901 1358 946 1395 de
980 1357 1044 1394 illo
1073 1357 1179 1402 libro,
1209 1362 1247 1394 et
1275 1357 1320 1394 de
1350 1356 1524 1395 omnibus
1556 1355 1672 1392 literis

82 1422 174 1467 tuis,
204 1427 243 1459 et
270 1422 316 1458 de
343 1421 446 1458 omni
474 1427 540 1459 tua
568 1421 812 1468 humanitate,
840 1435 915 1472 ago
945 1422 1098 1472 gratias.

164 1485 394 1537 Respublica
423 1485 524 1523 domi
552 1485 728 1536 forisque,
757 1492 856 1524 terra
884 1486 1054 1536 marique
1081 1486 1280 1537 tranquilla
1304 1491 1374 1524 cst.
1441 1486 1578 1524 Pacem
1606 1484 1674 1522 ha·-

84 1552 214 1589 bemus
244 1563 329 1588 cum
361 1550 479 1588 Gallis
507 1550 774 1588 constitutam:
830 1550 861 1587 F
863 1550 1032 1588 landrica
1061 1551 1174 1588 etiam
1194 1551 1257 1588 illa
1284 1551 1394 1588 turba
1415 1551 1495 1601 jam
1519 1550 1672 1587 tandem

82 1615 270 1654 consiluit.
327 1615 557 1652 Mercatores
580 1615 754 1666 utrinque
773 1620 1000 1659 commeant,
1026 1614 1174 1652 Flandri
1197 1616 1243 1653 ad
1261 1628 1345 1661 nos,
1368 1621 1407 1653 et
1428 1616 1547 1653 nostri
1565 1615 1672 1653 vicis-

83 1680 154 1717 sim
182 1681 229 1718 ad
258 1680 352 1717 illos.
413 1680 681 1724 Granvelanus,
712 1680 820 1730 cujus
850 1680 961 1717 unius
985 1679 1156 1730 nequitia
1175 1679 1260 1718 haec
1280 1680 1409 1717 omnia
1427 1686 1552 1731 coepta
1571 1687 1671 1725 sunt,

80 1745 119 1782 id
151 1745 231 1795 egit
262 1750 314 1789 ut,
346 1744 506 1782 turbatis
539 1750 650 1795 atque
681 1744 872 1795 impeditis
905 1744 1097 1796 emporiis,
1131 1757 1217 1782 cum
1249 1757 1371 1795 neque
1404 1744 1532 1782 invehi
1569 1745 1674 1796 quic-

82 1823 195 1860 quam
219 1822 339 1859 neque
366 1809 553 1860 exportari
582 1815 721 1859 posset,
751 1809 923 1847 attonitis
954 1809 1236 1854 mercatoribus,
1263 1816 1301 1847 et
1325 1809 1513 1860 oppidano
1540 1811 1673 1861 vulgo,

82 1874 182 1924 quod
213 1886 296 1910 vere
327 1887 348 1911 e
381 1873 545 1911 lanificio
577 1874 718 1911 victum
747 1874 897 1924 quaerit,
928 1873 973 1910 ad
1007 1873 1128 1911 otium
1161 1879 1272 1924 atque
1307 1874 1475 1925 inopiam
1503 1875 1669 1921 redacto,

82 1938 272 1988 popularis
296 1937 432 1987 aliquis
461 1944 586 1975 motus
603 1944 641 1975 et
659 1939 795 1976 seditio
815 1939 1022 1976 domestica
1050 1945 1276 1990 sequeretur.
1333 1939 1393 1976 Ita
1418 1939 1518 1976 enim
1547 1953 1670 1991 spera-

84 2003 148 2039 bat
185 2001 404 2052 religionem
441 2015 517 2039 una
552 2015 663 2053 posse
701 2004 865 2041 concuti.
934 2003 1007 2040 Sed
1042 2003 1148 2041 Deus
1187 2003 1259 2040 ista
1297 2003 1451 2041 consilia
1488 2006 1672 2042 convertit

81 2066 208 2116 potius
234 2066 273 2103 in
299 2071 514 2103 auctorem:
551 2067 671 2104 nostri
702 2067 801 2104 enim
836 2068 874 2105 in
910 2068 1048 2111 officio,
1078 2068 1132 2105 uti
1165 2081 1232 2118 par
1264 2074 1354 2115 crat,
1386 2075 1667 2115 remanserunt3

82 2130 320 2167 Flandricum
358 2136 485 2167 autem
519 2131 668 2181 vulgus,
707 2131 885 2182 digressis
929 2133 1068 2169 nostris
1101 2132 1382 2178 mercatoribus,
1420 2139 1457 2169 et
1497 2134 1667 2184 emporio

83 2195 242 2232 Embdue
282 2195 500 2240 constituto,
538 2208 621 2232 eam
655 2208 735 2233 rem
770 2196 926 2247 indigne
962 2196 1068 2241 ferre,
1106 2202 1217 2247 atque
1255 2196 1368 2234 etiam
1404 2202 1552 2234 tantum
1589 2210 1673 2236 non»-

81 2259 313 2296 tumultuari.

161 2323 333 2368 Hiberni,
355 2323 410 2361 uti
435 2329 472 2360 te
496 2324 643 2361 audisse
669 2325 760 2369 scio,
781 2325 889 2362 nobis
918 2331 1062 2376 parent,
1083 2330 1122 2362 et
1148 2325 1286 2363 nostris
1316 2331 1473 2363 utuntur
1500 2327 1660 2377 legibus.

76 2389 124 2426 In
161 2388 262 2425 illam
296 2387 459 2425 insulam
491 2401 588 2438 papa
623 2394 711 2426 ante
748 2389 892 2440 aliquot
930 2390 1132 2427 admodum
1170 2390 1249 2427 dies
1282 2390 1438 2428 immisit
1469 2390 1661 2430 hominem

79 2453 302 2491 sceleratum
331 2457 369 2489 et
400 2452 574 2489 callidum
602 2466 687 2490 011111
714 2454 911 2498 mandatis,
942 2454 1006 2504 qui
1036 2453 1111 2492 huc
1140 2455 1227 2492 illuc
1256 2462 1503 2492 concursaret.
1569 2456 1663 2495 Erat

75 2518 177 2555 enim
207 2517 414 2561 Hibernus,
449 2516 510 2567 qui
547 2523 701 2567 gentem
736 2518 853 2555 feram
887 2524 925 2556 et
958 2518 1163 2556 silvestrem
1200 2524 1332 2556 contra
1363 2532 1432 2557 nos
1467 2520 1663 2571 religionis

76 2595 188 2620 causa
215 2586 480 2619 commoveret.
533 2581 637 2626 Quid
660 2582 829 2632 quaeris?
875 2582 1025 2620 Nebulo
1057 2583 1183 2620 statim
1215 2583 1336 2634 primo
1367 2585 1525 2636 appulsu
1558 2598 1661 2623 com—

75 2645 330 2696 prehenditur,
371 2651 408 2682 et
445 2659 625 2683 excussus
660 2653 698 2684 et
733 2647 878 2685 vinctus
916 2647 963 2685 ad
1000 2660 1070 2685 nos
1105 2647 1276 2686 mittitur.
1344 2648 1402 2686 Ita
1438 2650 1660 2688 sacerrimus

74 2716 180 2760 pater
206 2722 355 2761 prorsus
384 2709 559 2755 decrevit,
586 2724 669 2747 cum
698 2711 848 2750 flectere
880 2725 958 2750 non
984 2712 1104 2764 possit
1132 2725 1296 2763 superos,
1330 2712 1548 2753 Acheronta
1579 2729 1659 2754 mo-

73 2775 180 2811 vere!
241 2775 286 2812 In
321 2774 449 2812 Seotia
458 2802 587 2812 ......
598 2775 650 2812 ita
678 2781 735 2813 est
762 2782 804 2813 ut
834 2777 1019 2815 volumus.
1085 2777 1234 2828 Regina
1266 2778 1345 2816 sola
1373 2779 1526 2817 missam
1557 2781 1657 2818 illam

73 2851 178 2876 suam
205 2839 354 2886 retinet,
383 2839 509 2876 invitis
538 2840 722 2878 omnibus.

152 2903 416 2950 Parkhurstus,
438 2903 626 2954 HoperuS‚
653 2905 852 2958 Sampson,
880 2906 1041 2952 Sandus,
1070 2907 1244 2953 Leverus,
1266 2906 1498 2946 Chamberus
1517 2909 1656 2955 valent,

74 2971 113 3003 et
145 2967 308 3006 officium
347 2968 498 3006 faciunt.
570 2969 771 3009 Biennium
803 2972 883 3023 jam
917 2977 987 3019 est,
1023 2971 1119 3023 quod
1155 2984 1230 3022 ego
1261 2972 1408 3011 illorum
1445 2987 1656 3025 quenquam

1405 3036 1540 3079 6-2
