<?xml version="1.0" encoding="UTF-8"?>
<!DOCTYPE html PUBLIC "-//W3C//DTD XHTML 1.0 Transitional//EN"
    "http://www.w3.org/TR/xhtml1/DTD/xhtml1-transitional.dtd">
<html xmlns="http://www.w3.org/1999/xhtml" xml:lang="en" lang="en">
 <head>
  <title>
</title>
<meta http-equiv="Content-Type" content="text/html;charset=utf-8" />
  <meta name='ocr-system' content='tesseract 3.04.00' />
  <meta name='ocr-capabilities' content='ocr_page ocr_carea ocr_par ocr_line ocrx_word'/>
</head>
<body>
  <div class='ocr_page' id='page_1' title='image "./zurichletterscom02hunt_0387.png"; bbox 0 0 1845 3233; ppageno 0'>
   <div class='ocr_carea' id='block_1_1' title="bbox 147 146 1728 205">
    <p class='ocr_par' dir='ltr' id='par_1_1' title="bbox 147 146 1728 205">
     <span class='ocr_line' id='line_1_1' title="bbox 147 146 1728 205; baseline -0.003 -14"><span class='ocrx_word' id='word_1_1' title='bbox 147 146 296 205; x_wconf 74' lang='lat' dir='ltr'><strong>van.]</strong></span> <span class='ocrx_word' id='word_1_2' title='bbox 346 163 400 189; x_wconf 85' lang='lat' dir='ltr'><strong>AD</strong></span> <span class='ocrx_word' id='word_1_3' title='bbox 428 161 639 189; x_wconf 76' lang='lat' dir='ltr'><strong>HENRICUM</strong></span> <span class='ocrx_word' id='word_1_4' title='bbox 672 160 960 188; x_wconf 85' lang='lat' dir='ltr'>BULLINGERUM</span> <span class='ocrx_word' id='word_1_5' title='bbox 995 160 1043 186; x_wconf 84' lang='grc' dir='ltr'><strong>ΕΤ</strong></span> <span class='ocrx_word' id='word_1_6' title='bbox 1079 159 1312 186; x_wconf 84' lang='lat' dir='ltr'><strong>LUDOVICUM</strong></span> <span class='ocrx_word' id='word_1_7' title='bbox 1348 158 1612 185; x_wconf 71' lang='lat' dir='ltr'>LAVATERUM.</span> <span class='ocrx_word' id='word_1_8' title='bbox 1673 146 1728 187; x_wconf 81' lang='lat'><strong>89</strong></span> 
     </span>
    </p>
   </div>
   <div class='ocr_carea' id='block_1_2' title="bbox 109 273 1746 3037">
    <p class='ocr_par' dir='ltr' id='par_1_2' title="bbox 147 273 1734 456">
     <span class='ocr_line' id='line_1_2' title="bbox 150 273 1730 327; baseline -0.003 -12"><span class='ocrx_word' id='word_1_9' title='bbox 150 278 455 323; x_wconf 87' lang='lat' dir='ltr'><strong>Dunelmensem,</strong></span> <span class='ocrx_word' id='word_1_10' title='bbox 482 276 680 315; x_wconf 84' lang='lat' dir='ltr'><strong>triennium</strong></span> <span class='ocrx_word' id='word_1_11' title='bbox 701 276 779 327; x_wconf 86' lang='lat' dir='ltr'><strong>jam</strong></span> <span class='ocrx_word' id='word_1_12' title='bbox 807 281 929 313; x_wconf 86' lang='lat' dir='ltr'><strong>totum</strong></span> <span class='ocrx_word' id='word_1_13' title='bbox 955 288 1032 313; x_wconf 90' lang='lat' dir='ltr'><strong>non</strong></span> <span class='ocrx_word' id='word_1_14' title='bbox 1056 274 1156 312; x_wconf 87' lang='lat' dir='ltr'><strong>vidi:</strong></span> <span class='ocrx_word' id='word_1_15' title='bbox 1195 274 1247 311; x_wconf 87' lang='lat' dir='ltr'><strong>ita</strong></span> <span class='ocrx_word' id='word_1_16' title='bbox 1270 274 1397 324; x_wconf 88' lang='lat' dir='ltr'><strong>procul</strong></span> <span class='ocrx_word' id='word_1_17' title='bbox 1423 273 1568 324; x_wconf 84' lang='lat' dir='ltr'><strong>disjecti</strong></span> <span class='ocrx_word' id='word_1_18' title='bbox 1591 286 1730 311; x_wconf 88' lang='lat' dir='ltr'><strong>sumus.</strong></span> 
     </span>
     <span class='ocr_line' id='line_1_3' title="bbox 147 338 1734 380; baseline -0.003 0"><span class='ocrx_word' id='word_1_19' title='bbox 147 342 319 380; x_wconf 88' lang='lat' dir='ltr'><strong>Vivimus</strong></span> <span class='ocrx_word' id='word_1_20' title='bbox 349 348 475 379; x_wconf 85' lang='lat' dir='ltr'><strong>tamen</strong></span> <span class='ocrx_word' id='word_1_21' title='bbox 506 355 639 379; x_wconf 84' lang='lat' dir='ltr'><strong>omnes</strong></span> <span class='ocrx_word' id='word_1_22' title='bbox 673 341 878 379; x_wconf 86' lang='lat' dir='ltr'><strong>incolumes</strong></span> <span class='ocrx_word' id='word_1_23' title='bbox 908 345 946 377; x_wconf 85' lang='lat' dir='ltr'><strong>et</strong></span> <span class='ocrx_word' id='word_1_24' title='bbox 976 339 1091 377; x_wconf 88' lang='lat' dir='ltr'><strong>vestri</strong></span> <span class='ocrx_word' id='word_1_25' title='bbox 1124 351 1321 376; x_wconf 84' lang='lat' dir='ltr'><strong>memores.</strong></span> <span class='ocrx_word' id='word_1_26' title='bbox 1379 339 1488 376; x_wconf 83' lang='lat' dir='ltr'><strong>Solus</strong></span> <span class='ocrx_word' id='word_1_27' title='bbox 1526 338 1734 376; x_wconf 86' lang='lat' dir='ltr'><strong>Richardus</strong></span> 
     </span>
     <span class='ocr_line' id='line_1_4' title="bbox 147 404 1182 456; baseline -0.001 -13"><span class='ocrx_word' id='word_1_28' title='bbox 147 406 379 444; x_wconf 78' lang='lat' dir='ltr'><strong>Chamberus</strong></span> <span class='ocrx_word' id='word_1_29' title='bbox 395 407 490 444; x_wconf 90' lang='lat' dir='ltr'><strong>obiit</strong></span> <span class='ocrx_word' id='word_1_30' title='bbox 507 406 606 444; x_wconf 90' lang='lat' dir='ltr'><strong>diem</strong></span> <span class='ocrx_word' id='word_1_31' title='bbox 625 419 730 444; x_wconf 88' lang='lat' dir='ltr'><strong>suum</strong></span> <span class='ocrx_word' id='word_1_32' title='bbox 745 421 753 452; x_wconf 89' lang='grc'>;</span> <span class='ocrx_word' id='word_1_33' title='bbox 783 405 848 443; x_wconf 90' lang='lat' dir='ltr'><strong>sed</strong></span> <span class='ocrx_word' id='word_1_34' title='bbox 866 404 926 456; x_wconf 87' lang='lat' dir='ltr'><strong>pie</strong></span> <span class='ocrx_word' id='word_1_35' title='bbox 944 404 983 441; x_wconf 92' lang='lat' dir='ltr'><strong>in</strong></span> <span class='ocrx_word' id='word_1_36' title='bbox 1005 404 1182 442; x_wconf 88' lang='lat' dir='ltr'><strong>Domino.</strong></span> 
     </span>
    </p>

    <p class='ocr_par' dir='ltr' id='par_1_3' title="bbox 145 467 1733 845">
     <span class='ocr_line' id='line_1_5' title="bbox 225 467 1732 519; baseline -0.002 -11"><span class='ocrx_word' id='word_1_37' title='bbox 225 470 430 509; x_wconf 86' lang='lat' dir='ltr'><strong>Contentio</strong></span> <span class='ocrx_word' id='word_1_38' title='bbox 463 471 526 508; x_wconf 87' lang='lat' dir='ltr'><strong>illa</strong></span> <span class='ocrx_word' id='word_1_39' title='bbox 556 471 601 508; x_wconf 81' lang='lat' dir='ltr'><strong>(le</strong></span> <span class='ocrx_word' id='word_1_40' title='bbox 629 470 882 509; x_wconf 88' lang='lat' dir='ltr'><strong>ecclesiastica</strong></span> <span class='ocrx_word' id='word_1_41' title='bbox 909 475 1011 506; x_wconf 91' lang='lat' dir='ltr'><strong>veste</strong></span> <span class='ocrx_word' id='word_1_42' title='bbox 1041 469 1150 513; x_wconf 85' lang='lat' dir='ltr'><strong>linea,</strong></span> <span class='ocrx_word' id='word_1_43' title='bbox 1181 469 1227 506; x_wconf 89' lang='lat' dir='ltr'><strong>de</strong></span> <span class='ocrx_word' id='word_1_44' title='bbox 1258 482 1331 519; x_wconf 85' lang='lat' dir='ltr'><strong>qua</strong></span> <span class='ocrx_word' id='word_1_45' title='bbox 1362 482 1426 507; x_wconf 93' lang='lat' dir='ltr'><strong>vos</strong></span> <span class='ocrx_word' id='word_1_46' title='bbox 1451 469 1509 506; x_wconf 93' lang='lat' dir='ltr'><strong>vel</strong></span> <span class='ocrx_word' id='word_1_47' title='bbox 1539 469 1586 506; x_wconf 86' lang='lat' dir='ltr'><strong>ab</strong></span> <span class='ocrx_word' id='word_1_48' title='bbox 1611 467 1732 506; x_wconf 91' lang='lat' dir='ltr'><strong>Abele</strong></span> 
     </span>
     <span class='ocr_line' id='line_1_6' title="bbox 146 533 1732 584; baseline -0.001 -12"><span class='ocrx_word' id='word_1_49' title='bbox 146 542 273 574; x_wconf 85' lang='lat' dir='ltr'><strong>nostro</strong></span> <span class='ocrx_word' id='word_1_50' title='bbox 296 536 352 573; x_wconf 90' lang='lat' dir='ltr'><strong>vel</strong></span> <span class='ocrx_word' id='word_1_51' title='bbox 378 549 401 573; x_wconf 83' lang='lat' dir='ltr'><strong>a</strong></span> <span class='ocrx_word' id='word_1_52' title='bbox 430 536 479 574; x_wconf 91' lang='lat' dir='ltr'><strong>D.</strong></span> <span class='ocrx_word' id='word_1_53' title='bbox 508 534 737 573; x_wconf 89' lang='lat' dir='ltr'><strong>Parkhursto</strong></span> <span class='ocrx_word' id='word_1_54' title='bbox 766 534 925 572; x_wconf 86' lang='lat' dir='ltr'><strong>audiisse</strong></span> <span class='ocrx_word' id='word_1_55' title='bbox 955 547 1031 571; x_wconf 91' lang='lat' dir='ltr'><strong>non</strong></span> <span class='ocrx_word' id='word_1_56' title='bbox 1058 534 1201 579; x_wconf 88' lang='lat' dir='ltr'><strong>dubito,</strong></span> <span class='ocrx_word' id='word_1_57' title='bbox 1225 534 1390 571; x_wconf 90' lang='lat' dir='ltr'><strong>nondum</strong></span> <span class='ocrx_word' id='word_1_58' title='bbox 1418 534 1531 571; x_wconf 88' lang='lat' dir='ltr'><strong>etiam</strong></span> <span class='ocrx_word' id='word_1_59' title='bbox 1555 533 1732 584; x_wconf 87' lang='lat' dir='ltr'><strong>conquie-</strong></span> 
     </span>
     <span class='ocr_line' id='line_1_7' title="bbox 146 597 1733 648; baseline -0.001 -11"><span class='ocrx_word' id='word_1_60' title='bbox 146 601 208 637; x_wconf 90' lang='lat' dir='ltr'><strong>vit.</strong></span> <span class='ocrx_word' id='word_1_61' title='bbox 267 600 325 638; x_wconf 84' lang='lat' dir='ltr'><strong>Ea</strong></span> <span class='ocrx_word' id='word_1_62' title='bbox 350 613 410 638; x_wconf 87' lang='lat' dir='ltr'><strong>res</strong></span> <span class='ocrx_word' id='word_1_63' title='bbox 436 600 604 638; x_wconf 89' lang='lat' dir='ltr'><strong>nonnihil</strong></span> <span class='ocrx_word' id='word_1_64' title='bbox 633 605 846 638; x_wconf 88' lang='lat' dir='ltr'><strong>commovet</strong></span> <span class='ocrx_word' id='word_1_65' title='bbox 874 598 1039 636; x_wconf 88' lang='lat' dir='ltr'><strong>infirmos</strong></span> <span class='ocrx_word' id='word_1_66' title='bbox 1067 598 1222 636; x_wconf 89' lang='lat' dir='ltr'><strong>animos.</strong></span> <span class='ocrx_word' id='word_1_67' title='bbox 1277 597 1402 648; x_wconf 82' lang='lat' dir='ltr'><strong>Atque</strong></span> <span class='ocrx_word' id='word_1_68' title='bbox 1434 598 1576 635; x_wconf 88' lang='lat' dir='ltr'><strong>utinam</strong></span> <span class='ocrx_word' id='word_1_69' title='bbox 1606 598 1733 635; x_wconf 85' lang='lat' dir='ltr'><strong>omnia</strong></span> 
     </span>
     <span class='ocr_line' id='line_1_8' title="bbox 145 662 1732 715; baseline -0.001 -14"><span class='ocrx_word' id='word_1_70' title='bbox 145 665 258 702; x_wconf 88' lang='lat' dir='ltr'><strong>etiam</strong></span> <span class='ocrx_word' id='word_1_71' title='bbox 296 665 514 703; x_wconf 86' lang='lat' dir='ltr'><strong>tenuissima</strong></span> <span class='ocrx_word' id='word_1_72' title='bbox 548 664 708 715; x_wconf 84' lang='lat' dir='ltr'><strong>vestigia</strong></span> <span class='ocrx_word' id='word_1_73' title='bbox 743 669 899 715; x_wconf 84' lang='lat' dir='ltr'><strong>papatus</strong></span> <span class='ocrx_word' id='word_1_74' title='bbox 935 667 973 700; x_wconf 93' lang='lat' dir='ltr'><strong>et</strong></span> <span class='ocrx_word' id='word_1_75' title='bbox 1007 676 1027 700; x_wconf 90' lang='lat' dir='ltr'><strong>e</strong></span> <span class='ocrx_word' id='word_1_76' title='bbox 1061 662 1222 713; x_wconf 90' lang='lat' dir='ltr'><strong>templis,</strong></span> <span class='ocrx_word' id='word_1_77' title='bbox 1266 668 1303 699; x_wconf 91' lang='lat' dir='ltr'><strong>et</strong></span> <span class='ocrx_word' id='word_1_78' title='bbox 1334 663 1452 699; x_wconf 90' lang='lat' dir='ltr'><strong>multo</strong></span> <span class='ocrx_word' id='word_1_79' title='bbox 1488 663 1653 700; x_wconf 79' lang='lat' dir='ltr'><strong>maxime</strong></span> <span class='ocrx_word' id='word_1_80' title='bbox 1685 675 1732 699; x_wconf 91' lang='lat' dir='ltr'><strong>ex</strong></span> 
     </span>
     <span class='ocr_line' id='line_1_9' title="bbox 146 727 1733 780; baseline -0.001 -14"><span class='ocrx_word' id='word_1_81' title='bbox 146 729 280 767; x_wconf 84' lang='lat' dir='ltr'><strong>animis</strong></span> <span class='ocrx_word' id='word_1_82' title='bbox 295 730 474 775; x_wconf 87' lang='lat' dir='ltr'><strong>omnium,</strong></span> <span class='ocrx_word' id='word_1_83' title='bbox 495 730 628 767; x_wconf 87' lang='lat' dir='ltr'><strong>auferri</strong></span> <span class='ocrx_word' id='word_1_84' title='bbox 647 729 822 780; x_wconf 84' lang='lat' dir='ltr'><strong>possent!</strong></span> <span class='ocrx_word' id='word_1_85' title='bbox 862 727 935 765; x_wconf 87' lang='lat' dir='ltr'><strong>Sed</strong></span> <span class='ocrx_word' id='word_1_86' title='bbox 952 727 1099 778; x_wconf 85' lang='lat' dir='ltr'><strong>Regina</strong></span> <span class='ocrx_word' id='word_1_87' title='bbox 1113 727 1207 765; x_wconf 88' lang='lat' dir='ltr'><strong>ferre</strong></span> <span class='ocrx_word' id='word_1_88' title='bbox 1226 727 1471 764; x_wconf 85' lang='lat' dir='ltr'><strong>mutationem</strong></span> <span class='ocrx_word' id='word_1_89' title='bbox 1490 728 1527 764; x_wconf 89' lang='lat' dir='ltr'><strong>in</strong></span> <span class='ocrx_word' id='word_1_90' title='bbox 1552 727 1733 778; x_wconf 79' lang='lat' dir='ltr'><strong>religione</strong></span> 
     </span>
     <span class='ocr_line' id='line_1_10' title="bbox 148 794 741 845; baseline 0.002 -15"><span class='ocrx_word' id='word_1_91' title='bbox 148 794 219 831; x_wconf 90' lang='lat' dir='ltr'><strong>hoc</strong></span> <span class='ocrx_word' id='word_1_92' title='bbox 244 800 413 845; x_wconf 86' lang='lat' dir='ltr'><strong>tempore</strong></span> <span class='ocrx_word' id='word_1_93' title='bbox 440 795 578 832; x_wconf 88' lang='lat' dir='ltr'><strong>nullam</strong></span> <span class='ocrx_word' id='word_1_94' title='bbox 606 800 741 845; x_wconf 89' lang='lat' dir='ltr'><strong>potest.</strong></span> 
     </span>
    </p>

    <p class='ocr_par' dir='ltr' id='par_1_4' title="bbox 109 856 1746 2265">
     <span class='ocr_line' id='line_1_11' title="bbox 225 856 1733 909; baseline -0.001 -12"><span class='ocrx_word' id='word_1_95' title='bbox 225 860 300 897; x_wconf 89' lang='lat' dir='ltr'><strong>Res</strong></span> <span class='ocrx_word' id='word_1_96' title='bbox 327 860 488 897; x_wconf 63' lang='lat' dir='ltr'><strong>Scoticze</strong></span> <span class='ocrx_word' id='word_1_97' title='bbox 516 859 682 897; x_wconf 88' lang='lat' dir='ltr'><strong>nondum</strong></span> <span class='ocrx_word' id='word_1_98' title='bbox 710 859 824 896; x_wconf 89' lang='lat' dir='ltr'><strong>etiam</strong></span> <span class='ocrx_word' id='word_1_99' title='bbox 855 858 945 896; x_wconf 86' lang='lat' dir='ltr'><strong>satis</strong></span> <span class='ocrx_word' id='word_1_100' title='bbox 970 862 1116 909; x_wconf 78' lang='lat' dir='ltr'><strong>pacatae</strong></span> <span class='ocrx_word' id='word_1_101' title='bbox 1145 862 1250 894; x_wconf 87' lang='lat' dir='ltr'><strong>sunt:</strong></span> <span class='ocrx_word' id='word_1_102' title='bbox 1280 856 1426 894; x_wconf 89' lang='lat' dir='ltr'><strong>nobiles</strong></span> <span class='ocrx_word' id='word_1_103' title='bbox 1454 857 1596 908; x_wconf 76' lang='lat' dir='ltr'><strong>aliquot</strong></span> <span class='ocrx_word' id='word_1_104' title='bbox 1623 856 1733 908; x_wconf 85' lang='lat' dir='ltr'><strong>primi</strong></span> 
     </span>
     <span class='ocr_line' id='line_1_12' title="bbox 147 922 1732 975; baseline -0.002 -14"><span class='ocrx_word' id='word_1_105' title='bbox 147 924 309 961; x_wconf 86' lang='lat' dir='ltr'><strong>nominis</strong></span> <span class='ocrx_word' id='word_1_106' title='bbox 341 925 438 975; x_wconf 89' lang='lat' dir='ltr'><strong>apud</strong></span> <span class='ocrx_word' id='word_1_107' title='bbox 481 938 550 961; x_wconf 89' lang='lat' dir='ltr'><strong>nos</strong></span> <span class='ocrx_word' id='word_1_108' title='bbox 578 923 748 961; x_wconf 77' lang='lat' dir='ltr'><strong>exulant:</strong></span> <span class='ocrx_word' id='word_1_109' title='bbox 780 923 841 960; x_wconf 88' lang='lat' dir='ltr'><strong>alii</strong></span> <span class='ocrx_word' id='word_1_110' title='bbox 875 923 976 961; x_wconf 90' lang='lat' dir='ltr'><strong>domi</strong></span> <span class='ocrx_word' id='word_1_111' title='bbox 1009 927 1276 966; x_wconf 82' lang='lat' dir='ltr'><strong>remanserunt,</strong></span> <span class='ocrx_word' id='word_1_112' title='bbox 1313 927 1351 959; x_wconf 91' lang='lat' dir='ltr'><strong>et</strong></span> <span class='ocrx_word' id='word_1_113' title='bbox 1378 934 1473 964; x_wconf 84' lang='lat' dir='ltr'><strong>sese,</strong></span> <span class='ocrx_word' id='word_1_114' title='bbox 1503 922 1534 959; x_wconf 91' lang='lat' dir='ltr'><strong>si</strong></span> <span class='ocrx_word' id='word_1_115' title='bbox 1563 922 1617 959; x_wconf 92' lang='lat' dir='ltr'><strong>vis</strong></span> <span class='ocrx_word' id='word_1_116' title='bbox 1656 922 1732 967; x_wconf 84' lang='lat' dir='ltr'><strong>fiat,</strong></span> 
     </span>
     <span class='ocr_line' id='line_1_13' title="bbox 148 987 1734 1040; baseline 0 -16"><span class='ocrx_word' id='word_1_117' title='bbox 148 989 194 1025; x_wconf 77' lang='lat' dir='ltr'><strong>ad</strong></span> <span class='ocrx_word' id='word_1_118' title='bbox 222 989 471 1026; x_wconf 88' lang='lat' dir='ltr'><strong>resistendum</strong></span> <span class='ocrx_word' id='word_1_119' title='bbox 499 995 647 1040; x_wconf 87' lang='lat' dir='ltr'><strong>parant:</strong></span> <span class='ocrx_word' id='word_1_120' title='bbox 677 994 715 1025; x_wconf 91' lang='lat' dir='ltr'><strong>et</strong></span> <span class='ocrx_word' id='word_1_121' title='bbox 746 1001 792 1026; x_wconf 84' lang='lat' dir='ltr'><strong>ex</strong></span> <span class='ocrx_word' id='word_1_122' title='bbox 821 988 965 1025; x_wconf 79' lang='lat' dir='ltr'><strong>arcibus</strong></span> <span class='ocrx_word' id='word_1_123' title='bbox 993 988 1068 1025; x_wconf 88' lang='lat' dir='ltr'><strong>suis</strong></span> <span class='ocrx_word' id='word_1_124' title='bbox 1097 987 1336 1025; x_wconf 81' lang='lat' dir='ltr'><strong>excursiones</strong></span> <span class='ocrx_word' id='word_1_125' title='bbox 1364 987 1548 1024; x_wconf 87' lang='lat' dir='ltr'><strong>interdum</strong></span> <span class='ocrx_word' id='word_1_126' title='bbox 1580 988 1734 1032; x_wconf 87' lang='lat' dir='ltr'><strong>faciunt,</strong></span> 
     </span>
     <span class='ocr_line' id='line_1_14' title="bbox 148 1052 1736 1104; baseline -0.001 -14"><span class='ocrx_word' id='word_1_127' title='bbox 148 1060 185 1090; x_wconf 81' lang='lat' dir='ltr'><strong>et</strong></span> <span class='ocrx_word' id='word_1_128' title='bbox 203 1067 249 1090; x_wconf 79' lang='lat' dir='ltr'><strong>ex</strong></span> <span class='ocrx_word' id='word_1_129' title='bbox 274 1053 503 1103; x_wconf 82' lang='lat' dir='ltr'><strong>papistaruin</strong></span> <span class='ocrx_word' id='word_1_130' title='bbox 528 1053 627 1104; x_wconf 84' lang='lat' dir='ltr'><strong>agris</strong></span> <span class='ocrx_word' id='word_1_131' title='bbox 656 1058 772 1103; x_wconf 80' lang='lat' dir='ltr'><strong>agunt</strong></span> <span class='ocrx_word' id='word_1_132' title='bbox 797 1052 1005 1103; x_wconf 83' lang='lat' dir='ltr'><strong>feruntque,</strong></span> <span class='ocrx_word' id='word_1_133' title='bbox 1035 1058 1216 1103; x_wconf 89' lang='lat' dir='ltr'><strong>quantum</strong></span> <span class='ocrx_word' id='word_1_134' title='bbox 1238 1057 1406 1102; x_wconf 86' lang='lat' dir='ltr'><strong>possunt.</strong></span> <span class='ocrx_word' id='word_1_135' title='bbox 1465 1052 1614 1102; x_wconf 80' lang='lat' dir='ltr'><strong>Regina</strong></span> <span class='ocrx_word' id='word_1_136' title='bbox 1639 1052 1736 1102; x_wconf 81' lang='lat' dir='ltr'><strong>ipsa,</strong></span> 
     </span>
     <span class='ocr_line' id='line_1_15' title="bbox 148 1115 1736 1169; baseline -0.002 -14"><span class='ocrx_word' id='word_1_137' title='bbox 148 1118 217 1155; x_wconf 63' lang='lat' dir='ltr'><strong>etsi</strong></span> <span class='ocrx_word' id='word_1_138' title='bbox 238 1118 365 1155; x_wconf 85' lang='lat' dir='ltr'><strong>animo</strong></span> <span class='ocrx_word' id='word_1_139' title='bbox 386 1118 434 1155; x_wconf 90' lang='lat' dir='ltr'><strong>sit</strong></span> <span class='ocrx_word' id='word_1_140' title='bbox 459 1118 506 1155; x_wconf 89' lang='lat' dir='ltr'><strong>ad</strong></span> <span class='ocrx_word' id='word_1_141' title='bbox 532 1118 743 1169; x_wconf 87' lang='lat' dir='ltr'><strong>papismum</strong></span> <span class='ocrx_word' id='word_1_142' title='bbox 766 1117 976 1163; x_wconf 84' lang='lat' dir='ltr'><strong>obfirmato,</strong></span> <span class='ocrx_word' id='word_1_143' title='bbox 996 1122 1122 1154; x_wconf 90' lang='lat' dir='ltr'><strong>tamen</strong></span> <span class='ocrx_word' id='word_1_144' title='bbox 1148 1116 1210 1154; x_wconf 82' lang='lat' dir='ltr'><strong>vix</strong></span> <span class='ocrx_word' id='word_1_145' title='bbox 1235 1116 1325 1153; x_wconf 84' lang='lat' dir='ltr'><strong>satis</strong></span> <span class='ocrx_word' id='word_1_146' title='bbox 1350 1116 1582 1167; x_wconf 76' lang='lat' dir='ltr'><strong>exploratum</strong></span> <span class='ocrx_word' id='word_1_147' title='bbox 1608 1115 1736 1161; x_wconf 84' lang='lat' dir='ltr'><strong>habet,</strong></span> 
     </span>
     <span class='ocr_line' id='line_1_16' title="bbox 149 1181 1738 1233; baseline -0.001 -14"><span class='ocrx_word' id='word_1_148' title='bbox 149 1196 223 1233; x_wconf 77' lang='lat' dir='ltr'><strong>quo</strong></span> <span class='ocrx_word' id='word_1_149' title='bbox 248 1196 288 1220; x_wconf 90' lang='lat' dir='ltr'><strong>se</strong></span> <span class='ocrx_word' id='word_1_150' title='bbox 316 1188 445 1220; x_wconf 80' lang='lat' dir='ltr'><strong>vertat.</strong></span> <span class='ocrx_word' id='word_1_151' title='bbox 497 1182 596 1220; x_wconf 85' lang='lat' dir='ltr'><strong>Nam</strong></span> <span class='ocrx_word' id='word_1_152' title='bbox 625 1182 671 1219; x_wconf 84' lang='lat' dir='ltr'><strong>(le</strong></span> <span class='ocrx_word' id='word_1_153' title='bbox 698 1182 882 1233; x_wconf 81' lang='lat' dir='ltr'><strong>religione</strong></span> <span class='ocrx_word' id='word_1_154' title='bbox 907 1181 1150 1220; x_wconf 86' lang='lat' dir='ltr'><strong>adversariam</strong></span> <span class='ocrx_word' id='word_1_155' title='bbox 1179 1181 1290 1218; x_wconf 88' lang='lat' dir='ltr'><strong>habet</strong></span> <span class='ocrx_word' id='word_1_156' title='bbox 1319 1194 1497 1231; x_wconf 80' lang='lat' dir='ltr'><strong>magnam</strong></span> <span class='ocrx_word' id='word_1_157' title='bbox 1527 1187 1670 1232; x_wconf 87' lang='lat' dir='ltr'><strong>partem</strong></span> <span class='ocrx_word' id='word_1_158' title='bbox 1699 1187 1738 1218; x_wconf 90' lang='lat' dir='ltr'><strong>et</strong></span> 
     </span>
     <span class='ocr_line' id='line_1_17' title="bbox 150 1246 1735 1298; baseline -0.001 -14"><span class='ocrx_word' id='word_1_159' title='bbox 150 1247 354 1284; x_wconf 81' lang='lat' dir='ltr'><strong>nobilitatis</strong></span> <span class='ocrx_word' id='word_1_160' title='bbox 382 1254 420 1284; x_wconf 90' lang='lat' dir='ltr'><strong>et</strong></span> <span class='ocrx_word' id='word_1_161' title='bbox 446 1246 592 1298; x_wconf 86' lang='lat' dir='ltr'><strong>populi:</strong></span> <span class='ocrx_word' id='word_1_162' title='bbox 638 1252 675 1284; x_wconf 90' lang='lat' dir='ltr'><strong>et</strong></span> <span class='ocrx_word' id='word_1_163' title='bbox 703 1252 882 1297; x_wconf 87' lang='lat' dir='ltr'><strong>quantum</strong></span> <span class='ocrx_word' id='word_1_164' title='bbox 910 1246 1060 1297; x_wconf 90' lang='lat' dir='ltr'><strong>quidem</strong></span> <span class='ocrx_word' id='word_1_165' title='bbox 1088 1259 1159 1283; x_wconf 91' lang='lat' dir='ltr'><strong>nos</strong></span> <span class='ocrx_word' id='word_1_166' title='bbox 1186 1258 1384 1296; x_wconf 89' lang='lat' dir='ltr'><strong>possumus</strong></span> <span class='ocrx_word' id='word_1_167' title='bbox 1415 1246 1640 1297; x_wconf 81' lang='lat' dir='ltr'><strong>intelligere,</strong></span> <span class='ocrx_word' id='word_1_168' title='bbox 1669 1259 1735 1283; x_wconf 91' lang='lat' dir='ltr'><strong>nu-</strong></span> 
     </span>
     <span class='ocr_line' id='line_1_18' title="bbox 150 1310 1737 1362; baseline 0 -13"><span class='ocrx_word' id='word_1_169' title='bbox 150 1325 272 1349; x_wconf 90' lang='lat' dir='ltr'><strong>merus</strong></span> <span class='ocrx_word' id='word_1_170' title='bbox 300 1312 419 1349; x_wconf 89' lang='lat' dir='ltr'><strong>indies</strong></span> <span class='ocrx_word' id='word_1_171' title='bbox 447 1311 591 1349; x_wconf 90' lang='lat' dir='ltr'><strong>crescit.</strong></span> <span class='ocrx_word' id='word_1_172' title='bbox 647 1311 878 1348; x_wconf 87' lang='lat' dir='ltr'><strong>Submiserat</strong></span> <span class='ocrx_word' id='word_1_173' title='bbox 904 1310 1086 1361; x_wconf 80' lang='lat' dir='ltr'><strong>proximis</strong></span> <span class='ocrx_word' id='word_1_174' title='bbox 1120 1310 1201 1347; x_wconf 88' lang='lat' dir='ltr'><strong>istis</strong></span> <span class='ocrx_word' id='word_1_175' title='bbox 1233 1310 1425 1348; x_wconf 89' lang='lat' dir='ltr'><strong>mensibus</strong></span> <span class='ocrx_word' id='word_1_176' title='bbox 1450 1310 1645 1362; x_wconf 84' lang='lat' dir='ltr'><strong>Philippus</strong></span> <span class='ocrx_word' id='word_1_177' title='bbox 1671 1324 1737 1349; x_wconf 89' lang='lat' dir='ltr'><strong>rex</strong></span> 
     </span>
     <span class='ocr_line' id='line_1_19' title="bbox 150 1374 1740 1427; baseline 0.001 -15"><span class='ocrx_word' id='word_1_178' title='bbox 150 1376 322 1413; x_wconf 79' lang='lat' dir='ltr'><strong>abbatem</strong></span> <span class='ocrx_word' id='word_1_179' title='bbox 367 1376 552 1427; x_wconf 86' lang='lat' dir='ltr'><strong>quendam</strong></span> <span class='ocrx_word' id='word_1_180' title='bbox 594 1375 731 1413; x_wconf 87' lang='lat' dir='ltr'><strong>Italum</strong></span> <span class='ocrx_word' id='word_1_181' title='bbox 780 1387 863 1412; x_wconf 89' lang='lat' dir='ltr'><strong>cum</strong></span> <span class='ocrx_word' id='word_1_182' title='bbox 902 1387 993 1412; x_wconf 86' lang='lat' dir='ltr'><strong>auro</strong></span> <span class='ocrx_word' id='word_1_183' title='bbox 1029 1375 1252 1425; x_wconf 80' lang='lat' dir='ltr'><strong>Hispanico,</strong></span> <span class='ocrx_word' id='word_1_184' title='bbox 1286 1374 1479 1412; x_wconf 88' lang='lat' dir='ltr'><strong>hominem</strong></span> <span class='ocrx_word' id='word_1_185' title='bbox 1507 1376 1661 1422; x_wconf 85' lang='lat' dir='ltr'><strong>vafrum,</strong></span> <span class='ocrx_word' id='word_1_186' title='bbox 1702 1382 1740 1414; x_wconf 90' lang='lat' dir='ltr'><strong>et</strong></span> 
     </span>
     <span class='ocr_line' id='line_1_20' title="bbox 152 1439 1741 1492; baseline 0.001 -16"><span class='ocrx_word' id='word_1_187' title='bbox 152 1440 290 1477; x_wconf 85' lang='lat' dir='ltr'><strong>factum</strong></span> <span class='ocrx_word' id='word_1_188' title='bbox 319 1446 431 1491; x_wconf 89' lang='lat' dir='ltr'><strong>atque</strong></span> <span class='ocrx_word' id='word_1_189' title='bbox 460 1441 680 1478; x_wconf 91' lang='lat' dir='ltr'><strong>instructum</strong></span> <span class='ocrx_word' id='word_1_190' title='bbox 709 1439 756 1477; x_wconf 89' lang='lat' dir='ltr'><strong>ad</strong></span> <span class='ocrx_word' id='word_1_191' title='bbox 780 1439 940 1486; x_wconf 84' lang='lat' dir='ltr'><strong>fraudes,</strong></span> <span class='ocrx_word' id='word_1_192' title='bbox 971 1439 1034 1490; x_wconf 90' lang='lat' dir='ltr'><strong>qui</strong></span> <span class='ocrx_word' id='word_1_193' title='bbox 1060 1446 1098 1476; x_wconf 90' lang='lat' dir='ltr'><strong>et</strong></span> <span class='ocrx_word' id='word_1_194' title='bbox 1128 1439 1272 1489; x_wconf 81' lang='lat' dir='ltr'><strong>Regem</strong></span> <span class='ocrx_word' id='word_1_195' title='bbox 1305 1439 1568 1492; x_wconf 84' lang='lat' dir='ltr'><strong>Reginamque</strong></span> <span class='ocrx_word' id='word_1_196' title='bbox 1592 1441 1741 1491; x_wconf 86' lang='lat' dir='ltr'><strong>juvaret</strong></span> 
     </span>
     <span class='ocr_line' id='line_1_21' title="bbox 152 1503 1742 1556; baseline 0.001 -15"><span class='ocrx_word' id='word_1_197' title='bbox 152 1504 373 1542; x_wconf 66' lang='lat' dir='ltr'><strong>veteratorio</strong></span> <span class='ocrx_word' id='word_1_198' title='bbox 390 1505 559 1550; x_wconf 91' lang='lat' dir='ltr'><strong>consilio,</strong></span> <span class='ocrx_word' id='word_1_199' title='bbox 579 1510 618 1542; x_wconf 93' lang='lat' dir='ltr'><strong>et</strong></span> <span class='ocrx_word' id='word_1_200' title='bbox 635 1504 806 1555; x_wconf 88' lang='lat' dir='ltr'><strong>impleret</strong></span> <span class='ocrx_word' id='word_1_201' title='bbox 824 1503 951 1541; x_wconf 89' lang='lat' dir='ltr'><strong>omnia</strong></span> <span class='ocrx_word' id='word_1_202' title='bbox 969 1503 1202 1541; x_wconf 88' lang='lat' dir='ltr'><strong>tumultibus.</strong></span> <span class='ocrx_word' id='word_1_203' title='bbox 1260 1504 1343 1541; x_wconf 88' lang='lat' dir='ltr'><strong>Rex</strong></span> <span class='ocrx_word' id='word_1_204' title='bbox 1362 1517 1494 1549; x_wconf 89' lang='lat' dir='ltr'><strong>novus,</strong></span> <span class='ocrx_word' id='word_1_205' title='bbox 1513 1505 1575 1556; x_wconf 89' lang='lat' dir='ltr'><strong>qui</strong></span> <span class='ocrx_word' id='word_1_206' title='bbox 1596 1519 1742 1556; x_wconf 85' lang='lat' dir='ltr'><strong>semper</strong></span> 
     </span>
     <span class='ocr_line' id='line_1_22' title="bbox 153 1568 1741 1615; baseline 0.003 -11"><span class='ocrx_word' id='word_1_207' title='bbox 153 1568 333 1606; x_wconf 84' lang='lat' dir='ltr'><strong>hactenus</strong></span> <span class='ocrx_word' id='word_1_208' title='bbox 362 1569 605 1607; x_wconf 87' lang='lat' dir='ltr'><strong>abstinuisset</strong></span> <span class='ocrx_word' id='word_1_209' title='bbox 637 1582 659 1606; x_wconf 92' lang='lat' dir='ltr'><strong>a</strong></span> <span class='ocrx_word' id='word_1_210' title='bbox 690 1568 827 1614; x_wconf 89' lang='lat' dir='ltr'><strong>missis,</strong></span> <span class='ocrx_word' id='word_1_211' title='bbox 860 1574 898 1606; x_wconf 89' lang='lat' dir='ltr'><strong>et</strong></span> <span class='ocrx_word' id='word_1_212' title='bbox 930 1568 1028 1606; x_wconf 89' lang='lat' dir='ltr'><strong>ultro</strong></span> <span class='ocrx_word' id='word_1_213' title='bbox 1061 1568 1280 1606; x_wconf 85' lang='lat' dir='ltr'><strong>accessisset</strong></span> <span class='ocrx_word' id='word_1_214' title='bbox 1311 1569 1358 1606; x_wconf 88' lang='lat' dir='ltr'><strong>ad</strong></span> <span class='ocrx_word' id='word_1_215' title='bbox 1389 1569 1602 1615; x_wconf 84' lang='lat' dir='ltr'><strong>conciones,</strong></span> <span class='ocrx_word' id='word_1_216' title='bbox 1632 1575 1673 1606; x_wconf 93' lang='lat' dir='ltr'><strong>ut</strong></span> <span class='ocrx_word' id='word_1_217' title='bbox 1701 1583 1741 1608; x_wconf 90' lang='lat' dir='ltr'><strong>se</strong></span> 
     </span>
     <span class='ocr_line' id='line_1_23' title="bbox 152 1633 1741 1684; baseline 0.002 -16"><span class='ocrx_word' id='word_1_218' title='bbox 152 1633 292 1684; x_wconf 82' lang='lat' dir='ltr'><strong>populo</strong></span> <span class='ocrx_word' id='word_1_219' title='bbox 323 1633 439 1679; x_wconf 88' lang='lat' dir='ltr'><strong>daret,</strong></span> <span class='ocrx_word' id='word_1_220' title='bbox 473 1646 557 1671; x_wconf 90' lang='lat' dir='ltr'><strong>cum</strong></span> <span class='ocrx_word' id='word_1_221' title='bbox 588 1633 733 1670; x_wconf 87' lang='lat' dir='ltr'><strong>audiret</strong></span> <span class='ocrx_word' id='word_1_222' title='bbox 766 1633 890 1670; x_wconf 86' lang='lat' dir='ltr'><strong>navim</strong></span> <span class='ocrx_word' id='word_1_223' title='bbox 919 1633 1022 1670; x_wconf 84' lang='lat' dir='ltr'><strong>illam</strong></span> <span class='ocrx_word' id='word_1_224' title='bbox 1050 1633 1286 1683; x_wconf 85' lang='lat' dir='ltr'><strong>appulsuram</strong></span> <span class='ocrx_word' id='word_1_225' title='bbox 1315 1633 1510 1683; x_wconf 84' lang='lat' dir='ltr'><strong>postridie,</strong></span> <span class='ocrx_word' id='word_1_226' title='bbox 1538 1633 1658 1671; x_wconf 89' lang='lat' dir='ltr'><strong>factus</strong></span> <span class='ocrx_word' id='word_1_227' title='bbox 1685 1647 1741 1671; x_wconf 89' lang='lat' dir='ltr'><strong>re—</strong></span> 
     </span>
     <span class='ocr_line' id='line_1_24' title="bbox 155 1697 1743 1749; baseline 0.001 -14"><span class='ocrx_word' id='word_1_228' title='bbox 155 1703 266 1748; x_wconf 83' lang='lat' dir='ltr'><strong>pente</strong></span> <span class='ocrx_word' id='word_1_229' title='bbox 295 1698 556 1743; x_wconf 88' lang='lat' dir='ltr'><strong>confidentior,</strong></span> <span class='ocrx_word' id='word_1_230' title='bbox 583 1698 742 1749; x_wconf 90' lang='lat' dir='ltr'><strong>sumptis</strong></span> <span class='ocrx_word' id='word_1_231' title='bbox 773 1698 921 1744; x_wconf 87' lang='lat' dir='ltr'><strong>animis,</strong></span> <span class='ocrx_word' id='word_1_232' title='bbox 957 1698 1079 1736; x_wconf 93' lang='lat' dir='ltr'><strong>noluit</strong></span> <span class='ocrx_word' id='word_1_233' title='bbox 1106 1697 1254 1747; x_wconf 80' lang='lat' dir='ltr'><strong>longius</strong></span> <span class='ocrx_word' id='word_1_234' title='bbox 1283 1697 1528 1735; x_wconf 89' lang='lat' dir='ltr'><strong>dissimulare.</strong></span> <span class='ocrx_word' id='word_1_235' title='bbox 1583 1697 1743 1736; x_wconf 85' lang='lat' dir='ltr'><strong>Accedit</strong></span> 
     </span>
     <span class='ocr_line' id='line_1_25' title="bbox 155 1761 1743 1814; baseline 0.002 -16"><span class='ocrx_word' id='word_1_236' title='bbox 155 1762 201 1798; x_wconf 81' lang='lat' dir='ltr'><strong>ad</strong></span> <span class='ocrx_word' id='word_1_237' title='bbox 238 1763 436 1813; x_wconf 87' lang='lat' dir='ltr'><strong>templum:</strong></span> <span class='ocrx_word' id='word_1_238' title='bbox 470 1763 578 1813; x_wconf 90' lang='lat' dir='ltr'><strong>jubet</strong></span> <span class='ocrx_word' id='word_1_239' title='bbox 609 1763 680 1800; x_wconf 91' lang='lat' dir='ltr'><strong>sibi</strong></span> <span class='ocrx_word' id='word_1_240' title='bbox 717 1763 763 1800; x_wconf 90' lang='lat' dir='ltr'><strong>de</strong></span> <span class='ocrx_word' id='word_1_241' title='bbox 795 1776 899 1800; x_wconf 90' lang='lat' dir='ltr'><strong>more</strong></span> <span class='ocrx_word' id='word_1_242' title='bbox 936 1762 1010 1800; x_wconf 87' lang='lat' dir='ltr'><strong>dici</strong></span> <span class='ocrx_word' id='word_1_243' title='bbox 1043 1762 1208 1800; x_wconf 85' lang='lat' dir='ltr'><strong>missam.</strong></span> <span class='ocrx_word' id='word_1_244' title='bbox 1271 1761 1422 1799; x_wconf 89' lang='lat' dir='ltr'><strong>Eodem</strong></span> <span class='ocrx_word' id='word_1_245' title='bbox 1456 1762 1539 1813; x_wconf 90' lang='lat' dir='ltr'><strong>ipso</strong></span> <span class='ocrx_word' id='word_1_246' title='bbox 1574 1768 1743 1814; x_wconf 90' lang='lat' dir='ltr'><strong>tempore</strong></span> 
     </span>
     <span class='ocr_line' id='line_1_26' title="bbox 158 1826 1745 1879; baseline 0.001 -15"><span class='ocrx_word' id='word_1_247' title='bbox 158 1828 205 1864; x_wconf 87' lang='lat' dir='ltr'><strong>D.</strong></span> <span class='ocrx_word' id='word_1_248' title='bbox 228 1827 402 1872; x_wconf 84' lang='lat' dir='ltr'><strong>Knoxus,</strong></span> <span class='ocrx_word' id='word_1_249' title='bbox 424 1827 666 1870; x_wconf 74' lang='lat' dir='ltr'><strong>concionator</strong></span> <span class='ocrx_word' id='word_1_250' title='bbox 685 1827 723 1865; x_wconf 91' lang='lat' dir='ltr'><strong>in</strong></span> <span class='ocrx_word' id='word_1_251' title='bbox 749 1828 879 1865; x_wconf 89' lang='lat' dir='ltr'><strong>codem</strong></span> <span class='ocrx_word' id='word_1_252' title='bbox 899 1828 1051 1879; x_wconf 87' lang='lat' dir='ltr'><strong>oppido,</strong></span> <span class='ocrx_word' id='word_1_253' title='bbox 1083 1833 1120 1865; x_wconf 91' lang='lat' dir='ltr'><strong>et</strong></span> <span class='ocrx_word' id='word_1_254' title='bbox 1137 1827 1175 1864; x_wconf 89' lang='lat' dir='ltr'><strong>in</strong></span> <span class='ocrx_word' id='word_1_255' title='bbox 1200 1826 1374 1877; x_wconf 87' lang='lat' dir='ltr'><strong>proximo</strong></span> <span class='ocrx_word' id='word_1_256' title='bbox 1399 1827 1556 1877; x_wconf 89' lang='lat' dir='ltr'><strong>templo,</strong></span> <span class='ocrx_word' id='word_1_257' title='bbox 1580 1827 1745 1866; x_wconf 85' lang='lat' dir='ltr'><strong>maxima</strong></span> 
     </span>
     <span class='ocr_line' id='line_1_27' title="bbox 157 1891 1743 1942; baseline 0.001 -14"><span class='ocrx_word' id='word_1_258' title='bbox 157 1892 363 1942; x_wconf 85' lang='lat' dir='ltr'><strong>frequentia</strong></span> <span class='ocrx_word' id='word_1_259' title='bbox 389 1892 547 1929; x_wconf 87' lang='lat' dir='ltr'><strong>clamare</strong></span> <span class='ocrx_word' id='word_1_260' title='bbox 579 1892 618 1929; x_wconf 91' lang='lat' dir='ltr'><strong>in</strong></span> <span class='ocrx_word' id='word_1_261' title='bbox 644 1892 903 1938; x_wconf 86' lang='lat' dir='ltr'><strong>idolomanias,</strong></span> <span class='ocrx_word' id='word_1_262' title='bbox 936 1898 974 1929; x_wconf 88' lang='lat' dir='ltr'><strong>et</strong></span> <span class='ocrx_word' id='word_1_263' title='bbox 1004 1892 1043 1929; x_wconf 92' lang='lat' dir='ltr'><strong>in</strong></span> <span class='ocrx_word' id='word_1_264' title='bbox 1074 1892 1285 1929; x_wconf 87' lang='lat' dir='ltr'><strong>universum</strong></span> <span class='ocrx_word' id='word_1_265' title='bbox 1308 1904 1467 1942; x_wconf 83' lang='lat' dir='ltr'><strong>regnum</strong></span> <span class='ocrx_word' id='word_1_266' title='bbox 1496 1891 1743 1941; x_wconf 89' lang='lat' dir='ltr'><strong>pontificium,</strong></span> 
     </span>
     <span class='ocr_line' id='line_1_28' title="bbox 158 1955 1745 2007; baseline 0.001 -15"><span class='ocrx_word' id='word_1_267' title='bbox 158 1968 347 2006; x_wconf 86' lang='lat' dir='ltr'><strong>nunquam</strong></span> <span class='ocrx_word' id='word_1_268' title='bbox 372 1956 516 1994; x_wconf 87' lang='lat' dir='ltr'><strong>fortius.</strong></span> <span class='ocrx_word' id='word_1_269' title='bbox 574 1956 723 1994; x_wconf 86' lang='lat' dir='ltr'><strong>Interea</strong></span> <span class='ocrx_word' id='word_1_270' title='bbox 749 1956 855 1994; x_wconf 88' lang='lat' dir='ltr'><strong>navis</strong></span> <span class='ocrx_word' id='word_1_271' title='bbox 881 1957 944 1993; x_wconf 90' lang='lat' dir='ltr'><strong>illa</strong></span> <span class='ocrx_word' id='word_1_272' title='bbox 978 1955 1197 2007; x_wconf 79' lang='lat' dir='ltr'><strong>Philippica,</strong></span> <span class='ocrx_word' id='word_1_273' title='bbox 1225 1956 1368 2006; x_wconf 86' lang='lat' dir='ltr'><strong>jactata</strong></span> <span class='ocrx_word' id='word_1_274' title='bbox 1397 1956 1681 2005; x_wconf 89' lang='lat' dir='ltr'><strong>tempestatibus</strong></span> <span class='ocrx_word' id='word_1_275' title='bbox 1707 1962 1745 1994; x_wconf 88' lang='lat' dir='ltr'><strong>et</strong></span> 
     </span>
     <span class='ocr_line' id='line_1_29' title="bbox 109 2019 1743 2071; baseline 0.001 -16"><span class='ocrx_word' id='word_1_276' title='bbox 109 2023 113 2026; x_wconf 82' lang='lat'><em>&#39;</em></span> <span class='ocrx_word' id='word_1_277' title='bbox 157 2020 291 2065; x_wconf 84' lang='lat' dir='ltr'><strong>ventis,</strong></span> <span class='ocrx_word' id='word_1_278' title='bbox 325 2019 571 2071; x_wconf 87' lang='lat' dir='ltr'><strong>fluctibusque</strong></span> <span class='ocrx_word' id='word_1_279' title='bbox 608 2034 789 2058; x_wconf 86' lang='lat' dir='ltr'><strong>concussa</strong></span> <span class='ocrx_word' id='word_1_280' title='bbox 817 2026 854 2057; x_wconf 90' lang='lat' dir='ltr'><strong>et</strong></span> <span class='ocrx_word' id='word_1_281' title='bbox 885 2020 1013 2065; x_wconf 86' lang='lat' dir='ltr'><strong>fracta,</strong></span> <span class='ocrx_word' id='word_1_282' title='bbox 1049 2020 1228 2058; x_wconf 88' lang='lat' dir='ltr'><strong>convulso</strong></span> <span class='ocrx_word' id='word_1_283' title='bbox 1260 2021 1372 2065; x_wconf 92' lang='lat' dir='ltr'><strong>malo,</strong></span> <span class='ocrx_word' id='word_1_284' title='bbox 1402 2020 1520 2070; x_wconf 88' lang='lat' dir='ltr'><strong>ruptis</strong></span> <span class='ocrx_word' id='word_1_285' title='bbox 1556 2020 1743 2067; x_wconf 84' lang='lat' dir='ltr'><strong>lateribus,</strong></span> 
     </span>
     <span class='ocr_line' id='line_1_30' title="bbox 158 2084 1746 2135; baseline 0.001 -15"><span class='ocrx_word' id='word_1_286' title='bbox 158 2085 306 2122; x_wconf 86' lang='lat' dir='ltr'><strong>amissis</strong></span> <span class='ocrx_word' id='word_1_287' title='bbox 342 2085 665 2135; x_wconf 81' lang='lat' dir='ltr'><strong>gubernatoribus,</strong></span> <span class='ocrx_word' id='word_1_288' title='bbox 690 2085 900 2123; x_wconf 88' lang='lat' dir='ltr'><strong>vectoribus</strong></span> <span class='ocrx_word' id='word_1_289' title='bbox 928 2090 966 2122; x_wconf 88' lang='lat' dir='ltr'><strong>et</strong></span> <span class='ocrx_word' id='word_1_290' title='bbox 986 2085 1094 2122; x_wconf 89' lang='lat' dir='ltr'><strong>rebus</strong></span> <span class='ocrx_word' id='word_1_291' title='bbox 1117 2084 1290 2122; x_wconf 88' lang='lat' dir='ltr'><strong>omnibus</strong></span> <span class='ocrx_word' id='word_1_292' title='bbox 1313 2084 1449 2130; x_wconf 88' lang='lat' dir='ltr'><strong>inanis,</strong></span> <span class='ocrx_word' id='word_1_293' title='bbox 1478 2090 1517 2121; x_wconf 88' lang='lat' dir='ltr'><strong>et</strong></span> <span class='ocrx_word' id='word_1_294' title='bbox 1543 2084 1675 2129; x_wconf 83' lang='lat' dir='ltr'><strong>lacera,</strong></span> <span class='ocrx_word' id='word_1_295' title='bbox 1707 2092 1746 2122; x_wconf 88' lang='lat' dir='ltr'><strong>et</strong></span> 
     </span>
     <span class='ocr_line' id='line_1_31' title="bbox 159 2148 1743 2199; baseline 0.001 -14"><span class='ocrx_word' id='word_1_296' title='bbox 159 2161 268 2199; x_wconf 77' lang='lat' dir='ltr'><strong>aquae</strong></span> <span class='ocrx_word' id='word_1_297' title='bbox 293 2149 414 2199; x_wconf 86' lang='lat' dir='ltr'><strong>plena,</strong></span> <span class='ocrx_word' id='word_1_298' title='bbox 435 2148 594 2186; x_wconf 85' lang='lat' dir='ltr'><strong>defertur</strong></span> <span class='ocrx_word' id='word_1_299' title='bbox 622 2149 660 2186; x_wconf 87' lang='lat' dir='ltr'><strong>in</strong></span> <span class='ocrx_word' id='word_1_300' title='bbox 690 2149 880 2199; x_wconf 80' lang='lat' dir='ltr'><strong>Angliam.</strong></span> <span class='ocrx_word' id='word_1_301' title='bbox 939 2149 1038 2187; x_wconf 82' lang='lat' dir='ltr'><strong>Haec</strong></span> <span class='ocrx_word' id='word_1_302' title='bbox 1063 2162 1152 2187; x_wconf 91' lang='lat' dir='ltr'><strong>vero</strong></span> <span class='ocrx_word' id='word_1_303' title='bbox 1181 2162 1258 2186; x_wconf 91' lang='lat' dir='ltr'><strong>non</strong></span> <span class='ocrx_word' id='word_1_304' title='bbox 1290 2148 1419 2186; x_wconf 89' lang='lat' dir='ltr'><strong>dubito</strong></span> <span class='ocrx_word' id='word_1_305' title='bbox 1451 2148 1628 2185; x_wconf 87' lang='lat' dir='ltr'><strong>divinitus</strong></span> <span class='ocrx_word' id='word_1_306' title='bbox 1654 2161 1743 2186; x_wconf 87' lang='lat' dir='ltr'><strong>con-</strong></span> 
     </span>
     <span class='ocr_line' id='line_1_32' title="bbox 158 2212 1661 2265; baseline 0 -15"><span class='ocrx_word' id='word_1_307' title='bbox 158 2213 304 2263; x_wconf 83' lang='lat' dir='ltr'><strong>tigisse,</strong></span> <span class='ocrx_word' id='word_1_308' title='bbox 338 2219 379 2250; x_wconf 88' lang='lat' dir='ltr'><strong>ut</strong></span> <span class='ocrx_word' id='word_1_309' title='bbox 406 2227 470 2250; x_wconf 83' lang='lat' dir='ltr'><strong>rex</strong></span> <span class='ocrx_word' id='word_1_310' title='bbox 500 2213 622 2251; x_wconf 88' lang='lat' dir='ltr'><strong>fatuus</strong></span> <span class='ocrx_word' id='word_1_311' title='bbox 649 2214 849 2264; x_wconf 79' lang='lat' dir='ltr'><strong>intelligat,</strong></span> <span class='ocrx_word' id='word_1_312' title='bbox 879 2227 991 2265; x_wconf 88' lang='lat' dir='ltr'><strong>quam</strong></span> <span class='ocrx_word' id='word_1_313' title='bbox 1021 2213 1069 2250; x_wconf 91' lang='lat' dir='ltr'><strong>sit</strong></span> <span class='ocrx_word' id='word_1_314' title='bbox 1098 2213 1330 2264; x_wconf 85' lang='lat' dir='ltr'><strong>auspicatum</strong></span> <span class='ocrx_word' id='word_1_315' title='bbox 1363 2212 1488 2249; x_wconf 83' lang='lat' dir='ltr'><strong>audire</strong></span> <span class='ocrx_word' id='word_1_316' title='bbox 1516 2212 1661 2250; x_wconf 87' lang='lat' dir='ltr'><strong>missas.</strong></span> 
     </span>
    </p>

    <p class='ocr_par' dir='ltr' id='par_1_5' title="bbox 160 2276 1744 2587">
     <span class='ocr_line' id='line_1_33' title="bbox 240 2276 1744 2316; baseline 0 -1"><span class='ocrx_word' id='word_1_317' title='bbox 240 2278 272 2315; x_wconf 90' lang='lat' dir='ltr'>E</span> <span class='ocrx_word' id='word_1_318' title='bbox 311 2278 443 2316; x_wconf 85' lang='lat' dir='ltr'><strong>Galliis</strong></span> <span class='ocrx_word' id='word_1_319' title='bbox 484 2277 601 2315; x_wconf 89' lang='lat' dir='ltr'><strong>multa</strong></span> <span class='ocrx_word' id='word_1_320' title='bbox 637 2279 850 2316; x_wconf 87' lang='lat' dir='ltr'><strong>turbulenta</strong></span> <span class='ocrx_word' id='word_1_321' title='bbox 884 2278 1120 2316; x_wconf 86' lang='lat' dir='ltr'><strong>nunciantur.</strong></span> <span class='ocrx_word' id='word_1_322' title='bbox 1190 2278 1335 2315; x_wconf 84' lang='lat' dir='ltr'><strong>Domus</strong></span> <span class='ocrx_word' id='word_1_323' title='bbox 1367 2277 1428 2313; x_wconf 85' lang='lat' dir='ltr'><strong>illa</strong></span> <span class='ocrx_word' id='word_1_324' title='bbox 1461 2276 1639 2314; x_wconf 84' lang='lat' dir='ltr'><strong>Guisiana</strong></span> <span class='ocrx_word' id='word_1_325' title='bbox 1667 2290 1744 2315; x_wconf 87' lang='lat' dir='ltr'><strong>non</strong></span> 
     </span>
     <span class='ocr_line' id='line_1_34' title="bbox 160 2341 1744 2394; baseline 0 -15"><span class='ocrx_word' id='word_1_326' title='bbox 160 2348 284 2394; x_wconf 84' lang='lat' dir='ltr'><strong>potest</strong></span> <span class='ocrx_word' id='word_1_327' title='bbox 304 2343 541 2393; x_wconf 85' lang='lat' dir='ltr'><strong>acquiescere</strong></span> <span class='ocrx_word' id='word_1_328' title='bbox 561 2343 640 2379; x_wconf 89' lang='lat' dir='ltr'><strong>sine</strong></span> <span class='ocrx_word' id='word_1_329' title='bbox 666 2342 791 2393; x_wconf 89' lang='lat' dir='ltr'><strong>aliquo</strong></span> <span class='ocrx_word' id='word_1_330' title='bbox 813 2356 953 2393; x_wconf 83' lang='lat' dir='ltr'><strong>magno</strong></span> <span class='ocrx_word' id='word_1_331' title='bbox 975 2342 1086 2380; x_wconf 86' lang='lat' dir='ltr'><strong>malo.</strong></span> <span class='ocrx_word' id='word_1_332' title='bbox 1127 2342 1264 2380; x_wconf 88' lang='lat' dir='ltr'><strong>Verum</strong></span> <span class='ocrx_word' id='word_1_333' title='bbox 1285 2341 1358 2378; x_wconf 89' lang='lat' dir='ltr'><strong>ista</strong></span> <span class='ocrx_word' id='word_1_334' title='bbox 1382 2341 1487 2378; x_wconf 89' lang='lat' dir='ltr'><strong>vobis</strong></span> <span class='ocrx_word' id='word_1_335' title='bbox 1515 2341 1634 2378; x_wconf 91' lang='lat' dir='ltr'><strong>multo</strong></span> <span class='ocrx_word' id='word_1_336' title='bbox 1659 2355 1744 2392; x_wconf 88' lang='lat' dir='ltr'><strong>pro-</strong></span> 
     </span>
     <span class='ocr_line' id='line_1_35' title="bbox 160 2405 1743 2458; baseline -0.001 -14"><span class='ocrx_word' id='word_1_337' title='bbox 160 2408 264 2458; x_wconf 88' lang='lat' dir='ltr'><strong>piora</strong></span> <span class='ocrx_word' id='word_1_338' title='bbox 288 2413 386 2452; x_wconf 88' lang='lat' dir='ltr'><strong>sunt,</strong></span> <span class='ocrx_word' id='word_1_339' title='bbox 411 2420 524 2457; x_wconf 85' lang='lat' dir='ltr'><strong>quam</strong></span> <span class='ocrx_word' id='word_1_340' title='bbox 550 2407 669 2444; x_wconf 88' lang='lat' dir='ltr'><strong>nobis.</strong></span> <span class='ocrx_word' id='word_1_341' title='bbox 727 2408 857 2445; x_wconf 87' lang='lat' dir='ltr'><strong>Danus</strong></span> <span class='ocrx_word' id='word_1_342' title='bbox 885 2415 923 2444; x_wconf 91' lang='lat' dir='ltr'><strong>et</strong></span> <span class='ocrx_word' id='word_1_343' title='bbox 948 2407 1086 2445; x_wconf 87' lang='lat' dir='ltr'><strong>Suecus</strong></span> <span class='ocrx_word' id='word_1_344' title='bbox 1115 2406 1372 2444; x_wconf 86' lang='lat' dir='ltr'><strong>cruentissime</strong></span> <span class='ocrx_word' id='word_1_345' title='bbox 1398 2405 1497 2442; x_wconf 89' lang='lat' dir='ltr'><strong>inter</strong></span> <span class='ocrx_word' id='word_1_346' title='bbox 1514 2418 1555 2442; x_wconf 83' lang='lat' dir='ltr'><strong>se</strong></span> <span class='ocrx_word' id='word_1_347' title='bbox 1584 2406 1743 2443; x_wconf 86' lang='lat' dir='ltr'><strong>conflix-</strong></span> 
     </span>
     <span class='ocr_line' id='line_1_36' title="bbox 160 2470 1744 2521; baseline 0.001 -13"><span class='ocrx_word' id='word_1_348' title='bbox 160 2478 281 2517; x_wconf 85' lang='lat' dir='ltr'><strong>erunt,</strong></span> <span class='ocrx_word' id='word_1_349' title='bbox 315 2478 353 2509; x_wconf 91' lang='lat' dir='ltr'><strong>et</strong></span> <span class='ocrx_word' id='word_1_350' title='bbox 381 2471 501 2509; x_wconf 86' lang='lat' dir='ltr'><strong>adhuc</strong></span> <span class='ocrx_word' id='word_1_351' title='bbox 533 2471 708 2509; x_wconf 84' lang='lat' dir='ltr'><strong>dicuntur</strong></span> <span class='ocrx_word' id='word_1_352' title='bbox 739 2485 820 2509; x_wconf 86' lang='lat' dir='ltr'><strong>esse</strong></span> <span class='ocrx_word' id='word_1_353' title='bbox 852 2472 890 2509; x_wconf 92' lang='lat' dir='ltr'><strong>in</strong></span> <span class='ocrx_word' id='word_1_354' title='bbox 920 2472 1043 2510; x_wconf 85' lang='lat' dir='ltr'><strong>armis.</strong></span> <span class='ocrx_word' id='word_1_355' title='bbox 1100 2471 1269 2521; x_wconf 88' lang='lat' dir='ltr'><strong>Uterque</strong></span> <span class='ocrx_word' id='word_1_356' title='bbox 1294 2471 1448 2508; x_wconf 86' lang='lat' dir='ltr'><strong>affectus</strong></span> <span class='ocrx_word' id='word_1_357' title='bbox 1483 2475 1540 2507; x_wconf 90' lang='lat' dir='ltr'><strong>est</strong></span> <span class='ocrx_word' id='word_1_358' title='bbox 1569 2470 1744 2510; x_wconf 84' lang='lat' dir='ltr'><strong>maximis</strong></span> 
     </span>
     <span class='ocr_line' id='line_1_37' title="bbox 160 2535 1304 2587; baseline -0.001 -14"><span class='ocrx_word' id='word_1_359' title='bbox 160 2536 433 2578; x_wconf 82' lang='lat' dir='ltr'><strong>inconnno(lis;</strong></span> <span class='ocrx_word' id='word_1_360' title='bbox 464 2548 533 2573; x_wconf 90' lang='lat' dir='ltr'><strong>nec</strong></span> <span class='ocrx_word' id='word_1_361' title='bbox 556 2535 676 2573; x_wconf 87' lang='lat' dir='ltr'><strong>adhuc</strong></span> <span class='ocrx_word' id='word_1_362' title='bbox 702 2542 784 2573; x_wconf 87' lang='lat' dir='ltr'><strong>uter</strong></span> <span class='ocrx_word' id='word_1_363' title='bbox 811 2536 860 2573; x_wconf 87' lang='lat' dir='ltr'><strong>sit</strong></span> <span class='ocrx_word' id='word_1_364' title='bbox 884 2537 1052 2587; x_wconf 82' lang='lat' dir='ltr'><strong>superior</strong></span> <span class='ocrx_word' id='word_1_365' title='bbox 1074 2536 1145 2573; x_wconf 88' lang='lat' dir='ltr'><strong>dici</strong></span> <span class='ocrx_word' id='word_1_366' title='bbox 1170 2541 1304 2586; x_wconf 89' lang='lat' dir='ltr'><strong>potest.</strong></span> 
     </span>
    </p>

    <p class='ocr_par' dir='ltr' id='par_1_6' title="bbox 161 2599 1744 3037">
     <span class='ocr_line' id='line_1_38' title="bbox 243 2599 1744 2651; baseline 0.001 -13"><span class='ocrx_word' id='word_1_367' title='bbox 243 2601 344 2638; x_wconf 90' lang='lat' dir='ltr'><strong>Libri</strong></span> <span class='ocrx_word' id='word_1_368' title='bbox 373 2600 498 2645; x_wconf 87' lang='lat' dir='ltr'><strong>vestri,</strong></span> <span class='ocrx_word' id='word_1_369' title='bbox 529 2606 626 2645; x_wconf 88' lang='lat' dir='ltr'><strong>tuus,</strong></span> <span class='ocrx_word' id='word_1_370' title='bbox 654 2601 851 2638; x_wconf 72' lang='lat' dir='ltr'><strong>reverende</strong></span> <span class='ocrx_word' id='word_1_371' title='bbox 880 2608 998 2651; x_wconf 86' lang='lat' dir='ltr'><strong>pater,</strong></span> <span class='ocrx_word' id='word_1_372' title='bbox 1030 2601 1067 2637; x_wconf 89' lang='lat' dir='ltr'><strong>in</strong></span> <span class='ocrx_word' id='word_1_373' title='bbox 1097 2600 1308 2645; x_wconf 85' lang='lat' dir='ltr'><strong>Danielem,</strong></span> <span class='ocrx_word' id='word_1_374' title='bbox 1337 2606 1374 2637; x_wconf 91' lang='lat' dir='ltr'><strong>et</strong></span> <span class='ocrx_word' id='word_1_375' title='bbox 1404 2604 1501 2644; x_wconf 89' lang='lat' dir='ltr'><strong>tuus,</strong></span> <span class='ocrx_word' id='word_1_376' title='bbox 1528 2599 1744 2639; x_wconf 84' lang='lat' dir='ltr'><strong>doctissime</strong></span> 
     </span>
     <span class='ocr_line' id='line_1_39' title="bbox 164 2664 1742 2715; baseline -0.001 -11"><span class='ocrx_word' id='word_1_377' title='bbox 164 2665 364 2710; x_wconf 86' lang='lat' dir='ltr'><strong>Ludovice,</strong></span> <span class='ocrx_word' id='word_1_378' title='bbox 392 2665 430 2702; x_wconf 89' lang='lat' dir='ltr'><strong>in</strong></span> <span class='ocrx_word' id='word_1_379' title='bbox 454 2666 625 2710; x_wconf 88' lang='lat' dir='ltr'><strong>Josuam,</strong></span> <span class='ocrx_word' id='word_1_380' title='bbox 648 2665 855 2703; x_wconf 88' lang='lat' dir='ltr'><strong>incolumes</strong></span> <span class='ocrx_word' id='word_1_381' title='bbox 874 2666 921 2702; x_wconf 90' lang='lat' dir='ltr'><strong>ad</strong></span> <span class='ocrx_word' id='word_1_382' title='bbox 947 2678 1007 2702; x_wconf 90' lang='lat' dir='ltr'><strong>me</strong></span> <span class='ocrx_word' id='word_1_383' title='bbox 1033 2665 1147 2702; x_wconf 87' lang='lat' dir='ltr'><strong>delati</strong></span> <span class='ocrx_word' id='word_1_384' title='bbox 1171 2670 1266 2702; x_wconf 88' lang='lat' dir='ltr'><strong>sunt.</strong></span> <span class='ocrx_word' id='word_1_385' title='bbox 1320 2664 1406 2714; x_wconf 72' lang='lat' dir='ltr'><strong>Ego</strong></span> <span class='ocrx_word' id='word_1_386' title='bbox 1429 2670 1468 2701; x_wconf 92' lang='lat' dir='ltr'><strong>et</strong></span> <span class='ocrx_word' id='word_1_387' title='bbox 1494 2664 1578 2701; x_wconf 91' lang='lat' dir='ltr'><strong>Deo</strong></span> <span class='ocrx_word' id='word_1_388' title='bbox 1597 2665 1742 2715; x_wconf 86' lang='lat' dir='ltr'><strong>optimo</strong></span> 
     </span>
     <span class='ocr_line' id='line_1_40' title="bbox 161 2728 1744 2779; baseline -0.001 -11"><span class='ocrx_word' id='word_1_389' title='bbox 161 2730 327 2768; x_wconf 77' lang='lat' dir='ltr'><strong>maximo</strong></span> <span class='ocrx_word' id='word_1_390' title='bbox 353 2730 398 2767; x_wconf 84' lang='lat' dir='ltr'><strong>(le</strong></span> <span class='ocrx_word' id='word_1_391' title='bbox 417 2730 535 2775; x_wconf 90' lang='lat' dir='ltr'><strong>vobis,</strong></span> <span class='ocrx_word' id='word_1_392' title='bbox 562 2736 599 2767; x_wconf 91' lang='lat' dir='ltr'><strong>et</strong></span> <span class='ocrx_word' id='word_1_393' title='bbox 623 2730 728 2767; x_wconf 88' lang='lat' dir='ltr'><strong>vobis</strong></span> <span class='ocrx_word' id='word_1_394' title='bbox 754 2729 799 2767; x_wconf 90' lang='lat' dir='ltr'><strong>de</strong></span> <span class='ocrx_word' id='word_1_395' title='bbox 828 2730 908 2767; x_wconf 82' lang='lat' dir='ltr'><strong>istis</strong></span> <span class='ocrx_word' id='word_1_396' title='bbox 929 2730 1115 2767; x_wconf 83' lang='lat' dir='ltr'><strong>laboribus</strong></span> <span class='ocrx_word' id='word_1_397' title='bbox 1141 2735 1178 2767; x_wconf 91' lang='lat' dir='ltr'><strong>et</strong></span> <span class='ocrx_word' id='word_1_398' title='bbox 1198 2728 1329 2766; x_wconf 88' lang='lat' dir='ltr'><strong>studiis</strong></span> <span class='ocrx_word' id='word_1_399' title='bbox 1355 2729 1473 2779; x_wconf 89' lang='lat' dir='ltr'><strong>deque</strong></span> <span class='ocrx_word' id='word_1_400' title='bbox 1500 2729 1603 2766; x_wconf 86' lang='lat' dir='ltr'><strong>omni</strong></span> <span class='ocrx_word' id='word_1_401' title='bbox 1624 2736 1744 2767; x_wconf 86' lang='lat' dir='ltr'><strong>vestra</strong></span> 
     </span>
     <span class='ocr_line' id='line_1_41' title="bbox 162 2793 1741 2845; baseline 0 -14"><span class='ocrx_word' id='word_1_402' title='bbox 162 2794 405 2839; x_wconf 86' lang='lat' dir='ltr'><strong>humanitate,</strong></span> <span class='ocrx_word' id='word_1_403' title='bbox 425 2808 499 2844; x_wconf 83' lang='lat' dir='ltr'><strong>ago</strong></span> <span class='ocrx_word' id='word_1_404' title='bbox 520 2794 669 2845; x_wconf 77' lang='lat' dir='ltr'><strong>gratias.</strong></span> <span class='ocrx_word' id='word_1_405' title='bbox 714 2795 803 2832; x_wconf 75' lang='lat' dir='ltr'><strong>Misi</strong></span> <span class='ocrx_word' id='word_1_406' title='bbox 824 2794 894 2832; x_wconf 91' lang='lat' dir='ltr'><strong>hoc</strong></span> <span class='ocrx_word' id='word_1_407' title='bbox 913 2800 1081 2845; x_wconf 88' lang='lat' dir='ltr'><strong>tempore</strong></span> <span class='ocrx_word' id='word_1_408' title='bbox 1100 2794 1146 2831; x_wconf 90' lang='lat' dir='ltr'><strong>ad</strong></span> <span class='ocrx_word' id='word_1_409' title='bbox 1165 2794 1190 2832; x_wconf 86' lang='lat' dir='ltr'><strong><em>J</em></strong></span> <span class='ocrx_word' id='word_1_410' title='bbox 1195 2793 1309 2830; x_wconf 90' lang='lat' dir='ltr'><strong>ulium</strong></span> <span class='ocrx_word' id='word_1_411' title='bbox 1329 2799 1496 2831; x_wconf 86' lang='lat' dir='ltr'><strong>nostrum</strong></span> <span class='ocrx_word' id='word_1_412' title='bbox 1518 2794 1556 2831; x_wconf 89' lang='lat' dir='ltr'><strong>in</strong></span> <span class='ocrx_word' id='word_1_413' title='bbox 1576 2807 1741 2831; x_wconf 89' lang='lat' dir='ltr'><strong>annuum</strong></span> 
     </span>
     <span class='ocr_line' id='line_1_42' title="bbox 162 2858 1743 2909; baseline 0 -14"><span class='ocrx_word' id='word_1_414' title='bbox 162 2859 387 2909; x_wconf 89' lang='lat' dir='ltr'><strong>stipendium</strong></span> <span class='ocrx_word' id='word_1_415' title='bbox 408 2859 542 2908; x_wconf 78' lang='lat' dir='ltr'><strong>viginti</strong></span> <span class='ocrx_word' id='word_1_416' title='bbox 568 2864 780 2904; x_wconf 87' lang='lat' dir='ltr'><strong>coronatos,</strong></span> <span class='ocrx_word' id='word_1_417' title='bbox 811 2865 848 2896; x_wconf 89' lang='lat' dir='ltr'><strong>et</strong></span> <span class='ocrx_word' id='word_1_418' title='bbox 873 2859 1008 2896; x_wconf 88' lang='lat' dir='ltr'><strong>alteros</strong></span> <span class='ocrx_word' id='word_1_419' title='bbox 1032 2858 1190 2896; x_wconf 85' lang='lat' dir='ltr'><strong>totidem</strong></span> <span class='ocrx_word' id='word_1_420' title='bbox 1219 2858 1266 2895; x_wconf 87' lang='lat' dir='ltr'><strong>ad</strong></span> <span class='ocrx_word' id='word_1_421' title='bbox 1291 2871 1357 2895; x_wconf 89' lang='lat' dir='ltr'><strong>vos</strong></span> <span class='ocrx_word' id='word_1_422' title='bbox 1383 2858 1499 2903; x_wconf 90' lang='lat' dir='ltr'><strong>duos;</strong></span> <span class='ocrx_word' id='word_1_423' title='bbox 1531 2864 1571 2895; x_wconf 92' lang='lat' dir='ltr'><strong>ut</strong></span> <span class='ocrx_word' id='word_1_424' title='bbox 1597 2870 1662 2896; x_wconf 90' lang='lat' dir='ltr'><strong>cos</strong></span> <span class='ocrx_word' id='word_1_425' title='bbox 1687 2858 1743 2895; x_wconf 91' lang='lat' dir='ltr'><strong>vel</strong></span> 
     </span>
     <span class='ocr_line' id='line_1_43' title="bbox 162 2922 1744 2974; baseline -0.002 -13"><span class='ocrx_word' id='word_1_426' title='bbox 162 2924 199 2961; x_wconf 90' lang='lat' dir='ltr'><strong>in</strong></span> <span class='ocrx_word' id='word_1_427' title='bbox 228 2937 376 2962; x_wconf 87' lang='lat' dir='ltr'><strong>coenam</strong></span> <span class='ocrx_word' id='word_1_428' title='bbox 404 2924 589 2974; x_wconf 86' lang='lat' dir='ltr'><strong>publicam</strong></span> <span class='ocrx_word' id='word_1_429' title='bbox 616 2937 720 2961; x_wconf 87' lang='lat' dir='ltr'><strong>more</strong></span> <span class='ocrx_word' id='word_1_430' title='bbox 745 2929 879 2968; x_wconf 82' lang='lat' dir='ltr'><strong>vestro,</strong></span> <span class='ocrx_word' id='word_1_431' title='bbox 905 2924 962 2961; x_wconf 90' lang='lat' dir='ltr'><strong>vel</strong></span> <span class='ocrx_word' id='word_1_432' title='bbox 992 2923 1030 2961; x_wconf 87' lang='lat' dir='ltr'><strong>in</strong></span> <span class='ocrx_word' id='word_1_433' title='bbox 1059 2923 1228 2974; x_wconf 88' lang='lat' dir='ltr'><strong>quemvis</strong></span> <span class='ocrx_word' id='word_1_434' title='bbox 1253 2922 1365 2959; x_wconf 85' lang='lat' dir='ltr'><strong>alium</strong></span> <span class='ocrx_word' id='word_1_435' title='bbox 1394 2935 1499 2960; x_wconf 88' lang='lat' dir='ltr'><strong>usum</strong></span> <span class='ocrx_word' id='word_1_436' title='bbox 1527 2936 1594 2973; x_wconf 85' lang='lat' dir='ltr'><strong>pro</strong></span> <span class='ocrx_word' id='word_1_437' title='bbox 1619 2927 1744 2959; x_wconf 86' lang='lat' dir='ltr'><strong>vestro</strong></span> 
     </span>
     <span class='ocr_line' id='line_1_44' title="bbox 164 2987 1743 3037; baseline -0.002 -12"><span class='ocrx_word' id='word_1_438' title='bbox 164 2988 326 3034; x_wconf 81' lang='lat' dir='ltr'><strong>arbitrio,</strong></span> <span class='ocrx_word' id='word_1_439' title='bbox 363 2988 601 3026; x_wconf 89' lang='lat' dir='ltr'><strong>consumatis.</strong></span> <span class='ocrx_word' id='word_1_440' title='bbox 679 2989 781 3026; x_wconf 90' lang='lat' dir='ltr'><strong>Deus</strong></span> <span class='ocrx_word' id='word_1_441' title='bbox 819 3002 896 3034; x_wconf 77' lang='lat' dir='ltr'><strong>vos,</strong></span> <span class='ocrx_word' id='word_1_442' title='bbox 933 2988 1142 3033; x_wconf 87' lang='lat' dir='ltr'><strong>ecclesiam,</strong></span> <span class='ocrx_word' id='word_1_443' title='bbox 1187 2987 1466 3037; x_wconf 84' lang='lat' dir='ltr'><strong>rempublicam,</strong></span> <span class='ocrx_word' id='word_1_444' title='bbox 1505 2987 1743 3036; x_wconf 84' lang='lat' dir='ltr'><strong>scholamque</strong></span> 
     </span>
    </p>
   </div>
  </div>
 </body>
</html>
