1845 3233
147 134 201 175 84!
389 145 593 171 JOHANNES
624 143 792 169 JUELLUS
824 142 879 166 AD
910 138 1122 166 HENRICUM
1156 135 1458 163 BULLINGERUM.
1572 118 1715 176 [EPIST.

145 227 309 265 viderim.
363 226 467 270 Vale,
500 225 552 262 mi
588 229 704 274 pater.
769 221 952 260 Dominus
987 220 1097 258 Jesus
1132 225 1170 256 te
1205 231 1317 269 quam
1351 216 1558 253 diutissime
1595 223 1718 255 servet

145 291 378 341 superstitem
414 295 452 326 et
486 288 735 326 incolumem!
804 285 932 322 Saluta
969 284 1016 321 D.
1044 283 1273 326 Gualterum‚
1311 281 1359 319 D.
1390 280 1626 326 Lavaterum,
1666 281 1714 318 D.

148 354 352 397 Simlerum,
381 353 428 390 D.
451 352 609 402 Lupum,
630 351 678 388 D.
702 350 908 393 Hallerum‚
934 348 982 385 D.
1001 348 1221 391 Gesnermn,
1243 346 1291 383 D.
1311 344 1482 390 Frisium,
1509 345 1556 382 D.
1577 345 1716 395 Zuing-

146 418 248 462 lium,
279 417 326 454 D.
346 415 556 459 Wickium;
587 415 634 452 ad
663 427 754 464 quos
787 413 956 463 singulos
987 412 1113 449 darem
1144 410 1270 448 literas
1301 409 1333 446 si
1365 414 1464 446 esset
1496 409 1627 454 otium,
1655 410 1717 447 vel

146 481 268 531 potius
303 480 375 517 nisi
411 492 558 529 prorsus
591 479 761 516 obruerer
795 476 970 527 negotiis.
1044 474 1273 520 Sarisberiae,
1308 474 1347 511 in
1383 472 1537 524 Angfia,
1572 473 1714 512 calend.

148 543 306 587 Martiis,
339 546 450 580 1565.

765 615 836 653 Tui
863 614 1024 652 nominis
1051 613 1357 660 studiosissimus,

1028 701 1169 752 tibique
1197 701 1457 748 deditissimus,

1169 783 1244 821 JO.
1273 785 1525 831 JUELLUS,
1554 783 1714 836 Anglus.

673 1027 971 1070 EPISTOLA
1016 1028 1188 1071 LXIV.

297 1203 552 1234 ROBERTUS
582 1203 778 1235 HORNUS
807 1205 874 1235 AD
903 1205 1213 1237 RODOLPHUM
1244 1204 1566 1236 GUALTERUM.

224 1283 411 1321 mems
440 1290 536 1331 tuas,
565 1286 616 1322 mi
640 1286 828 1332 Gualtere,
851 1287 987 1338 primas
1019 1301 1132 1338 quam
1161 1293 1327 1325 amanter
1354 1293 1392 1324 et
1416 1285 1582 1336 jucunde
1612 1298 1717 1323 acce-⁴

144 1347 273 1398 perim,
300 1349 356 1386 vel
383 1348 470 1386 hinc
499 1349 710 1388 existimare
738 1351 862 1396 debes,
883 1352 984 1402 quod
1008 1352 1054 1389 de
1079 1352 1276 1402 Tigurinae
1301 1351 1517 1402 reipublicae
1544 1355 1654 1395 statu,
1677 1349 1718 1386 in

144 1412 250 1461 cujus
278 1412 349 1449 fide
373 1426 417 1450 ac
444 1412 663 1451 liberalitate
692 1415 776 1452 exul
799 1416 1005 1453 collocatus
1033 1416 1188 1462 fueram,
1211 1422 1291 1453 tum
1319 1416 1364 1453 de
1392 1415 1449 1452 tui
1472 1414 1718 1464 reliquorum-

146 1489 216 1526 que
237 1476 545 1514 amicissimorum
570 1484 608 1515 et
634 1479 679 1516 de
707 1492 767 1516 me
790 1480 930 1530 optime
954 1481 1170 1518 meritorum
1190 1480 1404 1518 valetudine
1427 1478 1715 1530 cognoscebam.

145 1539 359 1577 Accedebat
379 1546 444 1577 tua
469 1541 508 1578 in
536 1542 559 1579 J
564 1542 718 1580 ohannis
744 1544 981 1594 evangelium
1006 1544 1225 1583 lucubratio.
1284 1544 1487 1588 Scribendi,
1515 1549 1556 1580 ut
1581 1548 1624 1579 tu
1650 1543 1717 1588 ais,

147 1603 305 1648 occasio,
329 1617 438 1654 quam
456 1605 509 1642 ita
534 1606 660 1656 probo,
688 1613 729 1645 ut
752 1609 799 1645 ad
824 1620 947 1646 veram
969 1610 1233 1660 scripturarum
1255 1608 1447 1646 scientiam
1475 1613 1513 1645 et
1538 1607 1718 1658 pietatem

147 1667 310 1705 conferre
338 1669 495 1706 multum
519 1670 696 1720 judicem,
725 1678 763 1709 et
788 1686 865 1710 non
903 1673 1022 1710 solum
1049 1687 1071 1711 a
1099 1673 1292 1717 tironibus,
1326 1673 1461 1723 quibus
1495 1677 1537 1709 tu
1568 1671 1717 1723 potissi-

148 1744 250 1767 mum
276 1733 415 1777 studes,
446 1733 511 1770 sed
534 1734 578 1771 ab
606 1734 696 1785 ipsis
717 1736 984 1786 professoribus
1013 1737 1208 1788 legendam
1235 1737 1457 1774 existimem.

226 1795 271 1832 In
293 1795 432 1834 foedere
461 1797 603 1836 Gallico
632 1804 671 1836 et
702 1799 902 1839 Helvetico
925 1802 1193 1852 perspicaciam
1221 1801 1440 1852 Tigurinam
1471 1801 1601 1851 probo,
1631 1813 1717 1851 quae

146 1859 300 1896 astutias
338 1860 498 1898 Gallicas
536 1862 725 1912 religionis
772 1871 959 1916 praetextu
1002 1866 1239 1904 adumbratas
1275 1865 1404 1903 olfecit
1443 1870 1482 1902 et
1525 1864 1714 1914 patefecit.

147 1922 356 1962 Beruenses
380 1925 491 1962 etiam
518 1926 660 1964 vicinos
681 1934 823 1967 vestros
854 1943 961 1980 spero
989 1943 1101 1967 suasu
1127 1936 1250 1968 vestro
1281 1930 1327 1968 ab
1352 1929 1552 1967 inhonesto
1578 1928 1718 1966 foedere

147 2000 339 2024 assensum
376 1987 613 2028 cohibituros.
682 1992 740 2029 De
783 1999 899 2043 peste,
941 2008 1028 2045 quae
1070 1994 1265 2045 regionem
1306 1993 1527 2044 Tigurinam
1567 1992 1716 2038 invasit,

146 2050 361 2100 opinionem
387 2052 517 2098 habeo,
539 2055 638 2104 quod
664 2056 862 2108 impiorum
887 2072 1001 2096 causa
1025 2059 1139 2096 etiam
1168 2058 1239 2110 ipsi
1265 2058 1317 2108 pii
1346 2057 1572 2108 affliguntur.
1631 2056 1719 2102 Qua

146 2116 336 2165 perculsus
359 2121 466 2166 pater
485 2118 725 2169 Bullingerus
749 2122 849 2171 quod
870 2123 1076 2173 periculum
1102 2123 1230 2169 evasit,
1261 2123 1438 2160 debemus
1464 2127 1609 2173 putare,
1631 2134 1718 2159 eum

146 2180 211 2229 qui
248 2179 396 2217 duriora
431 2186 601 2232 tempora
632 2186 792 2230 sustulit,
829 2186 1056 2225 felicioribus
1091 2201 1173 2225 esse
1211 2201 1233 2225 a
1276 2186 1442 2224 Domino
1476 2191 1716 2224 reservatum.

146 2242 266 2279 Tuam
291 2243 445 2281 domum
464 2245 510 2282 ab
539 2259 583 2283 ea
604 2249 829 2299 contagione
852 2255 985 2296 tutam,
1010 2251 1148 2288 divinae
1174 2250 1400 2296 clementiae,
1422 2262 1508 2301 quae
1531 2249 1718 2287 laboribus

148 2306 224 2343 tuis
251 2307 373 2343 noluit
397 2308 529 2354 otium,
551 2311 706 2349 ascribo.

226 2370 301 2407 Res
346 2377 484 2409 nostrae
526 2373 579 2410 ita
624 2388 665 2412 se
710 2375 859 2422 habent,
906 2379 1018 2429 quod,
1067 2385 1109 2416 ut
1148 2392 1213 2417 vos
1254 2378 1394 2417 vicinas
1436 2378 1612 2422 Gallicas,
1663 2377 1717 2415 sic

148 2447 218 2471 nos
251 2433 444 2472 intestinas
470 2437 667 2486 papisticas
697 2440 871 2479 timemus
907 2442 1069 2481 insidias.
1145 2443 1326 2481 Primates
1353 2442 1527 2494 papistici
1558 2442 1597 2479 in
1624 2441 1718 2493 pub-

149 2498 228 2534 licis
256 2499 447 2543 custodiis,
478 2501 610 2551 reliqui
643 2503 794 2541 exilium
827 2505 1055 2551 affectantes,
1087 2507 1234 2559 scriptis
1267 2507 1488 2558 quibusdam
1517 2507 1554 2543 in
1583 2506 1719 2556 vulgus

151 2560 410 2606 disseminatis,
436 2576 514 2600 sese
540 2565 577 2601 in
598 2567 768 2615 gratiam,
794 2582 864 2606 nos
892 2569 929 2606 in
950 2570 1079 2607 odium
1097 2577 1244 2617 vocant,
1273 2584 1401 2609 ansam
1419 2570 1605 2608 minutam
1629 2582 1719 2606 sane

151 2629 189 2660 et
217 2624 397 2673 ejusmodi
422 2626 534 2664 nacti.
591 2628 856 2668 Controversia
888 2645 1006 2684 nuper
1037 2634 1083 2671 de
1114 2635 1304 2685 quadratis
1331 2635 1436 2686 pileis
1464 2639 1502 2671 et
1533 2633 1719 2684 superpel-

152 2686 246 2724 liciis
276 2686 372 2724 intcr
406 2701 473 2727 nos
500 2697 592 2737 orta,
629 2693 883 2732 exclamarunt
915 2697 1089 2747 papistae,
1126 2711 1204 2736 non
1236 2712 1319 2737 esse
1353 2712 1465 2749 quam
1501 2698 1722 2749 profitemur

152 2750 364 2786 unanimem
394 2751 434 2788 in
466 2754 644 2804 religione
681 2757 805 2804 fidem,
843 2760 908 2797 sed
939 2761 1049 2798 variis
1080 2775 1150 2800 nos
1181 2762 1418 2813 opinionibus
1447 2761 1546 2807 duci,
1576 2774 1645 2799 nec
1680 2761 1720 2798 in

154 2825 229 2850 una
262 2814 445 2852 sententia
480 2822 575 2854 stare
609 2832 729 2869 posse.
799 2821 919 2859 Auxit
953 2822 1047 2862 hanc
1081 2826 1306 2864 calumniam
1341 2826 1533 2878 publicum
1569 2830 1721 2862 senatus

154 2876 272 2914 nostri
300 2876 485 2915 decretum
514 2880 558 2917 de
587 2883 819 2934 profliganda
846 2886 1027 2936 papistica
1055 2894 1239 2938 potestate
1263 2895 1350 2927 ante
1379 2895 1543 2927 nostram
1571 2887 1721 2925 restitu-

154 2939 297 2979 tionem
325 2941 521 2989 sancitum,
547 2957 634 2995 quo,
657 2948 801 2986 sublata
824 2949 964 3001 reliqua
987 2950 1096 2998 faece,
1125 2966 1215 2991 usus
1243 2954 1427 3005 pileorum
1457 2952 1721 3005 quadratorum
