1845 3233
82 137 263 195 Lxxvnss]
559 154 613 179 An
647 153 862 180 namucum
897 153 1201 180 eurinome-iu.
1593 139 1674 179 111

157 273 264 318 Vale,
293 272 345 310 nii
381 279 501 323 pater,
531 279 569 310 et
597 274 750 312 domine
783 274 822 312 in
858 273 1013 311 Christo
1041 272 1317 311 colendissimo.
1385 271 1602 310 Sarisberiae
1640 272 1680 308 in

79 336 235 388 Anglia.
284 337 373 375 Feb.
396 339 460 382 24,
482 339 597 376 1567.

827 391 931 430 Tuus
959 391 999 428 in
1029 390 1198 436 Christo,

876 464 1171 504 JOHANNES
1202 465 1457 510 JUELLUS,
1485 464 1647 516 Anglus.

343 531 603 558 1NSCR1PT10.

156 584 207 621 D.
253 585 427 622 Henrieo
468 585 705 634 Bullingero,
754 585 932 622 ministro

234 650 395 687 ecclesiae
442 650 641 698 Tigurinoe
681 649 929 699 fidelissimo,

234 716 316 752 viro
335 716 449 762 longe
468 716 699 759 doctissimo,
720 719 754 752 et
773 716 929 753 domiuo

236 791 305 816 suo
333 778 604 816 colendissimo.
663 779 815 828 Tiguri.

566 997 865 1040 EPISTOLA
910 997 1186 1039 LXXVIII.

161 1158 513 1191 PERCEVALLUS
542 1160 806 1192 WIBURNUS
829 1162 899 1193 AD
928 1159 1192 1192 IIENRICUM
1221 1158 1592 1190 BULLINGERUM.

157 1234 195 1273 S.
227 1234 326 1272 Cum
356 1235 490 1286 Tiguri
520 1236 620 1288 apud
649 1250 715 1276 vos
740 1250 861 1275 essem
886 1237 1067 1288 superiori
1087 1241 1236 1282 aestate,
1265 1235 1468 1274 reverende
1489 1235 1554 1281 vir,
1573 1235 1674 1286 quod

76 1312 150 1346 me,
182 1299 374 1338 hominem
406 1301 605 1338 obscurum
627 1302 807 1353 nulloque
835 1302 986 1354 publico
1012 1301 1230 1339 testimonio
1253 1300 1324 1339 tibi
1351 1301 1672 1345 commendatum,

74 1370 153 1401 tam
174 1363 347 1402 habueris
363 1370 526 1413 gratum,
545 1371 586 1402 ut
596 1366 710 1403 etiam
724 1379 856 1403 mensa
870 1372 935 1404 tua
953 1365 1303 1410 001nmunicaveriS‚
1318 1365 1357 1402 id
1371 1377 1459 1402 sane
1477 1364 1675 1415 singularis

75 1428 270 1479 cujusdam
290 1428 535 1467 humanitatis
554 1435 634 1467 tuae
654 1443 696 1468 ac
717 1432 931 1481 φιλοξενίας
949 1430 1033 1475 fuit,
1062 1443 1137 1481 quo
1158 1430 1330 1480 equidem
1349 1429 1505 1467 nomine
1523 1442 1586 1467 me
1604 1429 1674 1467 tibi

75 1492 278 1544 plurimum
306 1493 441 1531 debere
471 1506 652 1543 agnosco.
711 1494 825 1539 Quod
842 1501 969 1532 autem
987 1508 1054 1546 per
1070 1495 1326 1532 valetudinem
1346 1500 1450 1532 tuam
1470 1494 1675 1546 impeditus

76 1570 174 1602 sum,
202 1557 403 1607 quominus
421 1557 466 1594 de
484 1557 595 1596 rebus
612 1558 765 1604 nostris,
785 1559 957 1597 ecclesiae
978 1558 1039 1596 hic
1059 1564 1161 1596 statu
1179 1572 1223 1596 ac
1242 1558 1473 1603 conditione,
1493 1558 1605 1596 libere
1629 1572 1673 1597 ac

74 1622 156 1660 fuse
171 1627 297 1660 tecum
310 1635 475 1672 agerem,
492 1622 601 1660 sicuti
614 1623 830 1675 cupiebam;
847 1624 885 1661 id
900 1624 1049 1674 quidem
1069 1623 1139 1661 etsi
1158 1637 1244 1662 cum
1260 1624 1299 1660 in
1315 1623 1405 1661 urbe
1421 1622 1541 1660 adhuc
1554 1629 1675 1661 vestra

73 1699 268 1725 manerem
291 1699 354 1724 me
379 1686 509 1725 habuit
529 1688 641 1732 male,
670 1694 802 1738 utpote
821 1688 884 1739 qui
904 1688 974 1725 hac
992 1688 1141 1726 ratione
1160 1688 1304 1725 itineris
1329 1687 1403 1725 mei
1429 1687 1552 1726 fructu
1571 1701 1673 1726 care-

75 1753 163 1790 bam
181 1765 260 1790 non
279 1751 451 1797 minimo,
480 1757 614 1802 postea
631 1758 759 1791 tamen
782 1766 860 1790 non
879 1753 961 1790 sine
981 1752 1098 1791 divini
1119 1752 1284 1790 numinis
1305 1752 1466 1790 consilio
1484 1766 1527 1790 ac
1552 1753 1674 1803 provi-

75 1817 203 1855 dentia
221 1816 274 1853 ita
292 1817 434 1867 optime
454 1817 634 1856 accidisse
653 1817 910 1856 animadverti.

156 1880 382 1926 Meministi,
406 1881 446 1918 ni
467 1880 587 1926 fallor,
612 1881 831 1932 gravissime
857 1882 926 1927 vir,
949 1896 1024 1932 quo
1049 1882 1109 1920 die
1131 1895 1191 1920 me
1219 1895 1264 1919 ex
1286 1881 1451 1932 hospitio
1469 1895 1535 1934 per
1553 1882 1672 1920 filium

75 1957 244 1989 vocareS,
265 1957 308 1982 ac
330 1957 417 1994 quae
437 1945 608 1983 volebam
629 1946 667 1982 in
685 1946 851 1983 medium
876 1946 1040 1997 proferre
1062 1947 1226 1997 juberes,
1245 1952 1438 1996 praesente
1457 1953 1537 1984 tum
1557 1947 1673 1984 etiam

79 2010 127 2047 D.
148 2008 343 2054 Gualtero,
371 2021 431 2046 mc
462 2009 508 2046 dc
539 2009 649 2060 hujus
678 2010 850 2049 eeclesiae
879 2016 1024 2049 nostrae
1050 2011 1263 2049 calamitate
1291 2024 1334 2048 ac
1367 2011 1516 2049 miseria
1544 2011 1673 2050 multis

76 2080 324 2124 conquestum
343 2086 421 2111 non
439 2073 565 2119 fuisse,
592 2075 726 2124 partim
746 2075 922 2125 quoniam
942 2082 983 2114 tu
999 2076 1079 2126 jam
1098 2081 1209 2114 antea
1228 2076 1318 2114 satis
1338 2089 1521 2127 superque
1547 2089 1669 2114 rerum

74 2144 288 2176 nostrarum
309 2138 520 2188 intelligere
539 2138 608 2176 tibi
630 2138 828 2184 videbaris,
849 2140 985 2190 partim
1006 2140 1118 2178 etiam
1139 2140 1317 2190 quoniam
1335 2140 1489 2177 fratrum
1509 2152 1672 2191 quorun-⁴

75 2203 162 2240 dam
182 2202 311 2248 literis,
330 2202 553 2241 nominatim
573 2215 660 2240 vero
678 2208 770 2241 tunc
787 2203 966 2254 temporis
986 2204 1034 2241 D.
1054 2204 1186 2249 Bezae,
1205 2204 1258 2241 ita
1275 2204 1413 2242 certior
1431 2204 1477 2241 de
1497 2205 1674 2243 omnibus

76 2267 138 2305 hic
152 2267 264 2304 rebus
277 2266 397 2304 faetus
415 2280 467 2312 es,
480 2272 522 2304 ut
535 2266 617 2304 istis
633 2266 773 2317 aliquid
787 2267 949 2317 adjicere
962 2266 1057 2305 nihil
1073 2267 1183 2305 fuerit
1200 2280 1366 2306 necesse.
1399 2267 1565 2306 Traditis
1579 2281 1672 2319 ergo

75 2331 218 2369 duabus
244 2330 446 2376 schedulis,
473 2344 630 2382 quarum
658 2331 696 2369 in
726 2331 775 2368 D.
802 2331 918 2369 Bezze
944 2332 991 2369 ad
1020 2338 1060 2370 te
1089 2332 1207 2369 literis
1233 2333 1378 2370 mentio
1408 2332 1534 2378 fiebat,
1564 2333 1618 2371 sie
1652 2346 1674 2371 a

74 2396 183 2434 vobis
198 2395 244 2433 ad
264 2395 469 2446 hospitium
488 2396 662 2434 dimissus
680 2408 774 2440 sum,
790 2401 831 2433 ut
849 2396 999 2434 interim
1018 2397 1064 2434 de
1080 2402 1182 2434 certo
1196 2397 1320 2447 aliquo
1335 2397 1532 2448 religionis
1550 2398 1674 2448 capite

75 2461 227 2498 verbum
242 2460 385 2498 nullum
404 2460 568 2498 fecerim.
621 2460 760 2498 Postea
777 2460 891 2498 etiam
909 2474 975 2511 per
992 2460 1147 2498 biduum
1166 2461 1269 2506 illud,
1289 2475 1364 2512 quo
1383 2462 1511 2500 literas
1529 2468 1673 2500 vestras

12 2555 18 2560 .
75 2525 352 2576 exspectabam,
373 2537 433 2562 me
451 2524 547 2563 nihil
561 2525 620 2562 vel
634 2531 758 2563 tecum
775 2525 834 2562 vel
848 2537 933 2562 cum
951 2525 1033 2564 aliis
1050 2526 1173 2575 egisse
1194 2526 1285 2564 satis
1300 2533 1464 2571 constat,
1484 2527 1556 2565 nisi
1571 2527 1673 2578 quod

75 2589 311 2639 quaestiones
329 2587 474 2639 aliquot
486 2588 532 2626 de
550 2587 689 2626 vestitu
708 2601 751 2626 ac
771 2589 996 2627 ceremoniis
1015 2590 1054 2627 iu
1074 2603 1215 2640 genere
1229 2590 1293 2628 uni
1313 2604 1356 2628 ac
1376 2590 1482 2628 alteri
1501 2604 1548 2628 ex
1571 2597 1673 2629 coetu

75 2658 202 2692 vestro
220 2652 491 2704 proposuerim.
547 2653 649 2691 Ecce
668 2658 810 2698 tamen,
839 2653 1058 2691 doctissime
1083 2659 1201 2705 pater,
1225 2667 1309 2692 cum
1329 2654 1482 2692 domum
1501 2656 1549 2694 ad
1566 2668 1674 2693 meos

74 2717 201 2763 redeo,
231 2717 337 2768 quasi
356 2717 405 2754 ad
424 2717 726 2755 maledicendum
744 2730 788 2755 ac
806 2717 887 2754 aliis
907 2716 1190 2763 detrahendum,
1210 2719 1308 2769 quod
1327 2718 1482 2756 minime
1501 2719 1671 2765 decebat,

76 2782 262 2821 destinate
288 2783 337 2820 ad
358 2795 426 2820 vos
449 2781 649 2827 venissem,
678 2787 743 2820 aut
763 2781 810 2819 de
834 2781 1017 2821 industria
1044 2782 1136 2821 falsa
1162 2782 1322 2834 fictaque
1347 2784 1394 2821 de
1418 2783 1489 2822 hae
1514 2783 1674 2822 ecclesia

74 2846 311 2884 comminisci
332 2846 573 2891 studuissem,
589 2847 643 2884 sic
662 2845 755 2884 mihi
774 2846 1018 2884 detractionis
1035 2860 1079 2885 ac
1098 2847 1301 2886 calumniae
1321 2848 1464 2886 crimen
1484 2847 1672 2898 objicitur.

77 2910 179 2949 Dum
197 2923 285 2949 vero
302 2909 413 2961 hujus
430 2911 484 2949 rei
504 2923 656 2949 causam
674 2910 891 2961 fontemque
910 2910 1065 2962 exquiro
1082 2911 1298 2957 studiosius,
1311 2924 1423 2949 omne
1437 2911 1512 2949 hoc
1530 2910 1671 2950 malum

75 2987 122 3012 cx
142 2974 261 3013 literis
288 2974 364 3013 tuis
392 2974 437 3012 ad
466 2974 666 3026 episcopos
686 2974 774 3013 oriri
800 2973 1055 3026 deprehendo,
1085 2988 1176 3026 quas
1203 2981 1244 3013 ut
1267 2988 1482 3027 receperam
1512 2975 1672 3021 clausas,
