2022 3248
175 127 355 184 cxxxm]
649 146 701 171 ,111
734 147 975 174 nonoLrnUM
1011 148 1268 177 GUALTERUM.
1654 135 1736 178 193

158 256 240 294 aliis
268 258 445 296 deberent
464 260 710 311 suppeditare,
741 261 809 311 ipsi
831 269 965 308 egeant
993 270 1029 299 et
1048 276 1091 299 ex
1122 263 1275 300 aliorum
1296 262 1515 300 liberalitate
1540 262 1734 312 pendeant.

158 320 298 372 Scripsi
315 322 363 359 ad
381 323 428 360 D.
449 324 666 374 episcopum
683 323 1000 371 wintoniensem,
1027 327 1088 376 qui
1105 327 1241 377 aliquid
1262 326 1459 377 Rodolpho
1484 326 1596 371 dedit,
1623 331 1661 363 et
1687 326 1734 363 ad

160 383 206 422 D.
225 386 402 424 comitem
434 387 690 432 Bedfordium,
720 388 782 438 qui
801 400 966 426 mearum
994 395 1032 426 et
1052 395 1195 427 tuarum
1222 390 1399 441 imprimis
1424 390 1608 426 literarum
1634 401 1730 432 eam,

157 461 269 499 quarn
292 449 419 488 decuit
437 457 475 488 et
493 451 670 502 oportuit,
699 451 878 489 rationem
898 451 1035 490 habuit.
1091 453 1217 490 Rediit
1236 467 1367 505 nempe
1392 466 1437 491 ex
1463 453 1642 497 Devonia,
1670 453 1731 490 ubi

158 525 259 550 nunc
279 513 385 564 degit
406 514 452 552 D.
474 528 612 561 comeS,
632 516 678 552 ad
696 528 778 560 nos,
794 528 868 552 non
888 516 1034 566 quidem
1052 524 1207 555 onustus
1225 519 1402 569 pecuniis,
1421 518 1484 555 sed
1501 518 1729 567 aliquantum

157 582 317 615 onustus
335 585 372 615 et
401 579 561 617 donatus
579 579 778 631 stipendio.
834 579 920 630 Ego
949 585 1143 631 utrumque
1169 582 1344 618 collocavi
1370 582 1407 618 in
1437 581 1520 619 aula
1549 581 1729 631 Latepor-

158 640 268 685 tensi,
298 647 338 678 ut
367 656 558 689 vocamus,
586 657 663 681 non
691 643 818 695 procul
845 657 867 681 a
895 644 1053 694 collegio
1081 643 1233 689 Christi,
1258 645 1319 683 ubi
1349 645 1396 683 D.
1418 644 1600 683 Johannis
1626 651 1730 696 pater

158 705 299 756 optime
325 712 363 744 et
390 707 614 745 amicissime
643 713 817 758 exceptus
846 707 966 745 fuerat
991 708 1106 758 Regis
1132 709 1317 746 Edouardi
1346 716 1524 760 tempore.
1579 709 1615 746 Si
1639 709 1726 760 quid

158 774 289 819 potero
308 782 542 809 nummorum
571 771 784 816 concedere,
814 771 970 808 libenter
991 772 1210 822 impertiam.
1267 773 1340 810 Sed
1361 773 1447 823 quia
1464 773 1577 823 friget
1592 773 1725 810 caritas

154 832 191 870 in
212 833 282 872 hac
301 835 427 872 mundi
446 842 607 880 senecta,
627 842 665 873 et
682 835 779 873 Galli
796 835 901 873 multi
920 836 1073 873 subinde
1092 837 1138 873 ad
1156 849 1226 874 nos
1244 838 1442 874 convolant
1459 849 1542 875 cum
1561 837 1720 881 familiis,

152 903 189 934 et
208 899 322 936 nostri
341 898 513 937 homines
539 905 670 951 putant
698 900 895 938 Helvetios
921 900 1110 951 spectandi
1133 914 1244 938 causa
1262 902 1486 951 peregrinari
1504 901 1721 948 voluntarie,

154 975 230 1000 non
258 968 381 1000 autem
410 963 603 1014 religionis
631 977 723 1015 ergo
755 964 901 1002 exulare
933 965 1152 1009 necessario,
1182 965 1317 1003 idcirco
1345 965 1523 1003 hactenus
1551 966 1655 1016 pejus
1684 971 1723 1002 et

154 1026 348 1077 malignius
372 1027 445 1065 illis
469 1029 716 1066 contributum
750 1034 817 1066 est.
875 1028 1006 1079 Itaque
1035 1034 1072 1065 te
1101 1041 1208 1079 rogo,
1237 1035 1277 1066 ut
1305 1030 1512 1080 patrocinio
1541 1036 1605 1067 tuo
1635 1029 1719 1067 illos

153 1091 317 1142 adjuves,
337 1097 374 1129 et
391 1092 590 1143 diligenter
608 1106 755 1131 causam
775 1093 935 1143 ipsorum
953 1105 1056 1143 agas,
1076 1106 1149 1143 quo
1169 1093 1338 1130 salarium
1359 1094 1579 1144 promissum
1600 1093 1718 1144 primo

153 1168 299 1206 quoque
317 1161 482 1206 tempore
506 1157 761 1207 perferendum
786 1161 941 1194 curetur.
998 1156 1094 1194 Boni
1121 1170 1209 1194 sane
1234 1163 1272 1194 et
1297 1157 1451 1194 studiosi
1476 1156 1564 1194 mihi
1593 1158 1718 1195 viden-

152 1226 232 1263 tur;
263 1226 301 1257 et
327 1220 414 1258 licet
440 1219 560 1258 adhuc
586 1221 721 1259 nostris
748 1220 867 1271 ignoti
896 1220 970 1257 sint
998 1226 1146 1271 propter
1174 1221 1358 1272 Rodolphi
1387 1235 1468 1259 eum
1506 1222 1553 1259 D.
1582 1221 1718 1259 comite

153 1285 331 1322 morantis
350 1285 568 1329 absentiam,
587 1291 711 1322 tamen
730 1285 792 1322 ubi
809 1285 1048 1328 innotuerint,
1070 1286 1189 1335 magis
1209 1300 1250 1324 ac
1271 1287 1388 1336 magis
1407 1288 1447 1324 se'
1467 1286 1719 1331 insinuabunt,

153 1354 191 1385 et
216 1347 409 1387 hominum
436 1349 557 1387 studia
583 1363 624 1387 ac
652 1350 859 1387 voluntates
885 1349 1144 1386 conciliabunt.

231 1413 312 1452 Nos
337 1419 378 1451 ut
407 1413 564 1464 quimus,
591 1411 676 1466 [ut]
704 1414 818 1451 aiunt.
877 1414 989 1451 Domi
1008 1419 1140 1463 pacata
1160 1415 1307 1451 onmia:
1338 1428 1413 1452 non
1433 1420 1560 1465 aperto
1582 1414 1715 1457 Marte,

153 1479 218 1516 sed
242 1478 434 1523 cuniculis,
459 1490 557 1528 papa
582 1491 651 1516 nos
677 1483 882 1530 oppugnat,
903 1477 1021 1522 bullis,
1046 1477 1175 1516 libellis
1202 1478 1366 1523 famosis,
1387 1478 1622 1516 clandestinis
1641 1492 1719 1516 ma-

154 1542 438 1580 chinationibus.
496 1542 626 1581 Gallus
656 1543 826 1594 quiescit,
852 1555 921 1580 nec
941 1542 1013 1579 ulla
1032 1542 1117 1579 belli
1136 1542 1298 1580 scintilla
1316 1543 1492 1594 erumpit:
1523 1543 1610 1593 quin
1629 1550 1666 1580 et
1684 1543 1722 1580 in

156 1607 331 1646 Flandria
352 1607 516 1645 flammae
536 1607 612 1645 illae
632 1620 761 1645 omnes
778 1606 968 1644 restinctae
989 1612 1086 1650 sunt,
1107 1608 1299 1657 consopito
1324 1607 1345 1644 J
1351 1607 1497 1644 ohanne
1514 1607 1724 1650 Austriaco,

154 1671 211 1710 vel
230 1671 354 1722 potius
373 1677 477 1722 peste
502 1672 657 1710 sublato.
712 1670 920 1709 Periculum
938 1683 1026 1708 vero
1045 1676 1112 1715 est,
1140 1683 1186 1708 ne
1204 1670 1273 1721 ipsi
1293 1670 1388 1709 inter
1409 1685 1447 1708 se
1468 1671 1668 1716 commissi,
1686 1677 1724 1708 et

153 1736 252 1774 bello
287 1736 363 1774 sive
389 1736 544 1774 dissidio
570 1737 746 1774 intestino
768 1735 947 1779 distracti,
974 1735 1010 1771 in
1035 1748 1100 1772 sua
1125 1735 1264 1771 viscera
1291 1734 1439 1773 irruant.
1498 1735 1599 1780 Quid
1621 1736 1719 1773 enim

155 1813 230 1837 non
250 1800 385 1837 efficiet
408 1800 611 1838 factionum
632 1800 765 1838 faecula
782 1799 797 1836 'l
853 1800 899 1837 D.
921 1799 942 1836 J
948 1812 1031 1836 esus
1050 1799 1318 1849 malignitatem
1340 1800 1491 1837 istorum
1512 1807 1721 1851 temporum

154 1862 439 1902 novissimorum
458 1865 623 1902 bonitate
642 1877 709 1901 sua
727 1864 926 1914 temperet!

235 1927 379 1966 Salutat
414 1934 452 1965 te
484 1935 522 1966 et
560 1929 608 1966 D.
645 1927 857 1978 Christopli.
896 1927 1181 1965 Frosclioverum
1225 1929 1457 1966 Garbrandus
1495 1928 1717 1974 Hollandus,

154 1991 358 2042 bibliopola
388 1992 626 2030 Oxoniensis.
684 1992 732 2030 D.
760 1992 876 2029 Colus
911 1991 1020 2029 hodie
1038 1992 1155 2029 abest.
1211 1992 1260 2030 D.
1280 1993 1586 2044 Westphalingus
1607 1994 1719 2044 jussit

153 2070 211 2094 me
233 2056 280 2094 D.
308 2056 330 2094 J
336 2056 410 2094 ulio
430 2056 550 2094 dicere
567 2056 736 2101 salutem,
765 2056 863 2107 quod
883 2062 920 2093 et
943 2069 1016 2106 ego
1035 2069 1179 2106 quoque
1201 2069 1284 2094 meo
1309 2058 1460 2095 nomine
1477 2057 1586 2103 facio,
1613 2058 1717 2096 vobis

153 2121 326 2160 omnibus
364 2121 492 2159 onmia
524 2120 748 2158 faustissima
784 2133 1031 2171 comprecans.
1087 2120 1203 2171 Spero
1239 2120 1285 2159 D.
1321 2121 1541 2159 Lavaterum
1579 2123 1718 2173 optime

152 2185 282 2224 valere.
325 2185 476 2236 Pergite
498 2185 629 2223 vestris
651 2185 844 2223 conatibus
862 2184 932 2235 piis
950 2197 1026 2222 rem
1045 2185 1241 2222 literariam
1261 2191 1298 2223 et
1315 2186 1506 2235 negotium
1527 2187 1717 2237 religionis

156 2263 384 2300 promovere,
412 2255 454 2287 ut
472 2248 543 2287 1100
560 2262 665 2286 00000
685 2248 807 2286 seculo
824 2262 888 2299 per
905 2261 971 2286 vos
988 2248 1159 2286 homines
1176 2250 1296 2299 magis
1321 2263 1364 2286 ac
1390 2250 1512 2300 magis
1536 2250 1716 2296 illustrati,

153 2315 290 2353 divinae
310 2314 475 2352 veritatis
493 2314 612 2352 lucem
632 2313 810 2363 aspiciant
826 2312 897 2350 Dei
915 2312 1097 2350 beneficio
1116 2326 1159 2350 ac
1177 2313 1307 2358 multi,¹
1329 2327 1435 2364 quem
1455 2315 1585 2351 iterum
1607 2320 1716 2365 atque

151 2381 283 2418 iterum
314 2391 379 2418 oro
410 2383 514 2416 tuam
543 2378 717 2428 pietatem
750 2390 824 2415 una
851 2389 933 2415 cum
967 2376 1041 2414 tuis
1070 2377 1241 2415 omnibus
1272 2383 1309 2414 et
1339 2378 1494 2415 ecclesia
1523 2379 1713 2429 Tigurina‚

156 2442 363 2494 Anglorum
383 2442 570 2493 quondam
591 2440 766 2492 hospitio,
784 2440 845 2478 diu
863 2441 930 2478 tibi
950 2453 994 2478 ac
1011 2440 1118 2479 nobis
1137 2440 1328 2479 florentem
1348 2454 1573 2480 conservare.
1619 2443 1717 2495 Rap-

150 2509 229 2546 tim.
286 2507 462 2551 Omnian,
487 2505 683 2545 Decembr.
708 2506 767 2549 17,
791 2506 902 2542 1578.
959 2504 1063 2549 Vale,
1082 2504 1136 2542 vir
1153 2505 1373 2543 doctissime.

884 2586 951 2623 Tui
981 2586 1335 2632 observantissimus,

1075 2666 1228 2706 LAUR.
1262 2668 1607 2708 HUMFREDUS.

806 2764 827 2799 [ι
846 2764 892 2792 εἰς
910 2763 985 2798 msa]

273 3061 452 3115 [20111111
492 3055 710 3113 terrens]
