1845 3233
137 138 314 195 LXXXV]
382 154 603 181 EDMUNDUS
637 152 890 179 GRINDALLUS
924 152 978 177 AD
1013 152 1225 178 HENRICUM
1258 152 1557 179 BULLINGERUM.
1634 141 1714 181 123

137 283 250 308 naves
271 269 483 320 Hispaniae,
503 283 588 320 quae
613 270 763 307 Albano
782 283 805 306 a
822 282 932 320 papa,
951 269 1203 307 mediantibus
1231 270 1510 307 Genevcnsilms
1536 276 1719 307 mercato-

135 336 250 379 ribus,
287 333 481 385 pecuniam
520 326 768 378 advehebant,
807 333 843 371 vi
881 338 1148 381 tempestatum
1193 334 1231 371 in
1267 340 1416 371 nostros
1450 339 1588 384 portus,
1627 348 1721 384 quos

138 400 318 437 habemus
347 397 526 448 plurimos
557 404 594 435 et
618 399 837 444 tutissimos,
857 397 1003 434 adaetze
1035 404 1134 434 sunt.
1191 398 1345 435 Summa
1374 404 1463 443 erat,
1491 398 1613 442 credo,
1641 401 1716 434 300

139 463 255 500 millia
291 467 562 499 coronatorum.
621 462 734 500 Hane
764 474 960 506 summam,
989 461 1094 511 quasi
1124 461 1303 499 divinitus
1339 463 1504 507 missam,
1543 463 1715 500 omnibus

141 527 381 565 circumcirca
412 526 630 576 regionibus
666 527 765 564 bello
798 526 1022 569 ardentibus,
1063 526 1213 576 Regina
1244 533 1383 570 nostra,
1418 533 1459 564 ut
1495 527 1534 564 in
1565 539 1718 564 onmem

140 596 317 628 eventum
336 590 534 641 pecuniam
559 591 597 628 in
616 596 765 641 promtu
789 589 955 635 haberet,
981 589 1098 627 voluit
1119 591 1164 627 ab
1189 590 1277 640 ipsis
1304 591 1569 629 mercatoribus
1589 597 1718 629 mutuo

138 654 321 705 accipere,
357 655 445 692 data
481 655 654 693 cautione
686 654 882 693 sufficienti
919 655 964 692 de
998 660 1098 692 sorte
1131 660 1169 691 et
1199 654 1245 692 de
1273 655 1416 692 foenore
1451 669 1517 692 suo
1549 662 1717 706 tempore

139 718 399 756 restituendis:
429 719 527 769 quod
551 718 648 769 apud
671 725 814 756 ceteros
832 718 1019 769 principes
1038 731 1140 771 saepe
1168 719 1208 756 in
1227 732 1295 757 usu
1314 719 1394 757 fuit.
1451 718 1631 765 Albanus,
1648 720 1718 758 hoe

138 783 275 829 audito,
304 783 393 820 fecit
413 796 542 821 omnes
564 789 713 821 nostros
729 788 955 820 mercatores
982 795 1058 819 una
1083 796 1168 820 cum
1197 783 1270 820 suis
1298 783 1454 821 navibus
1479 790 1518 821 et
1533 785 1718 822 mercibus

139 847 179 885 in
208 847 346 897 Belgio
384 847 564 885 arrestari.
620 847 750 885 Nostri
775 847 874 885 idem
908 846 1075 884 fecerunt
1102 847 1284 897 Hispanis
1312 853 1350 884 et
1388 848 1530 897 Belgis.
1587 849 1717 900 ltaque

138 925 239 950 nune
264 911 383 948 nostri
406 917 595 961 coguntur
618 911 844 962 Hamburgi,
873 911 956 948 loeo
982 924 1058 948 non
1092 917 1167 949 tam
1197 912 1409 957 eommodO,
1440 925 1508 949 sua
1539 925 1717 951 commer-

138 977 196 1016 cia
230 988 414 1020 exercere,
444 975 555 1026 idque
581 988 659 1013 non
687 976 768 1013 sine
796 976 935 1013 damno
962 974 1077 1012 totius
1107 975 1245 1025 Belgii.

220 1040 265 1077 In
292 1039 423 1077 Scotia
446 1040 554 1077 nobis
573 1040 696 1078 vicina
717 1040 855 1085 omnia,
878 1045 920 1076 ut
939 1039 1052 1090 prius,
1074 1046 1253 1090 geruntur
1279 1040 1458 1091 auspiciis
1476 1040 1579 1091 pueri
1604 1043 1715 1092 regis.

138 1104 430 1143 Administratio
453 1110 510 1141 est
527 1117 642 1154 penes
663 1104 841 1142 eximium
862 1104 994 1149 virum,
1021 1104 1069 1142 D.
1091 1104 1115 1141 J
1119 1104 1276 1142 acobum
1303 1105 1508 1150 Stuartum,
1529 1105 1716 1143 Moravize

137 1168 328 1212 comitem,
366 1168 586 1206 avunculum
622 1169 738 1219 ipsius
774 1169 888 1219 regis,
937 1169 995 1206 cui
1032 1169 1112 1219 jam
1149 1169 1262 1206 ceteri
1299 1181 1485 1219 proceres,
1530 1171 1594 1220 qui
1629 1176 1716 1208 ante

138 1233 410 1282 repugnabant,
439 1245 521 1270 sese
545 1232 807 1270 submiserunt.
865 1233 924 1271 De
949 1233 1145 1283 religionis
1164 1233 1321 1283 negotio
1339 1234 1436 1284 apud
1454 1234 1537 1272 illos
1556 1235 1718 1284 quaestio

139 1309 217 1334 non
236 1297 329 1340 fuit;
360 1310 448 1334 nam
471 1302 625 1348 utraque
644 1310 729 1348 pars
750 1297 958 1335 doctrinam
978 1297 1176 1347 evangelii,
1197 1303 1277 1334 tum
1297 1311 1411 1348 quum
1429 1298 1592 1335 maxime
1612 1298 1718 1337 ‹lissi-

138 1360 290 1406 debant,
315 1361 571 1411 profitebatur,
595 1368 634 1398 et
659 1361 778 1399 adhuc
798 1361 1005 1411 profitetur.
1063 1361 1204 1399 Scotiae
1226 1362 1386 1412 Regina,
1406 1375 1493 1413 quae
1512 1362 1630 1400 adhuc
1650 1364 1717 1400 sub

136 1425 229 1462 satis
254 1424 462 1463 honorifica
486 1431 525 1462 et
547 1425 662 1463 libera
685 1425 854 1463 custodia
877 1426 975 1476 apud
997 1438 1065 1462 nos
1083 1426 1282 1471 detinetur,
1310 1425 1405 1463 hanc
1424 1426 1564 1464 Scotiae
1585 1427 1719 1478 guber-

137 1489 331 1526 nationem
350 1494 468 1525 ratam
493 1502 569 1527 non
597 1489 721 1535 habet,
747 1496 784 1527 et
812 1490 883 1528 sibi
905 1490 1079 1540 injuriam
1106 1490 1184 1528 fieri
1212 1497 1330 1541 putat.
1388 1490 1574 1528 Sollicitat
1601 1491 1717 1542 igitur

139 1565 238 1598 suos,
260 1558 440 1604 quantum
461 1559 610 1603 potest:
647 1554 711 1592 sed
735 1554 807 1592 nisi
827 1554 992 1592 externis
1014 1554 1160 1592 auxiliis
1175 1555 1339 1604 juvetur,
1359 1568 1436 1593 non
1455 1555 1592 1606 poterit
1610 1555 1718 1593 facile

137 1629 295 1667 regnum
313 1629 542 1668 recuperare.

220 1681 322 1719 Haec
342 1687 442 1727 sunt,
462 1694 548 1732 quae
572 1681 617 1719 de
636 1682 775 1719 nostris
799 1688 837 1719 et
856 1682 1060 1720 vicinorum
1085 1688 1298 1721 nostrorum
1326 1684 1435 1721 rebus
1455 1683 1528 1722 hoc
1550 1690 1717 1735 tempore

138 1745 300 1783 scribere
319 1745 429 1783 volui.
480 1746 529 1783 D.
552 1746 719 1791 Homus„
741 1745 1004 1792 Parkhurstus‚
1030 1747 1054 1784 J
1056 1747 1188 1792 uelluS,
1209 1746 1351 1793 Coxus,
1373 1747 1527 1794 Sandus,
1547 1748 1718 1799 Pilking-

138 1816 262 1854 tonus,
283 1822 412 1847 onmes
437 1815 537 1848 recte
560 1811 697 1855 valent,
720 1816 758 1847 et
780 1823 840 1847 me
860 1811 1024 1862 ipsorum
1051 1812 1214 1856 nomine,
1244 1812 1273 1849 si
1293 1812 1443 1862 quando
1462 1812 1715 1859 rescriberem,

138 1879 181 1911 ut
206 1880 308 1911 tuam
332 1874 510 1925 pietatem
530 1874 767 1913 resalutarem
790 1881 982 1926 rogarunt.
1039 1876 1222 1921 Salutato,
1248 1889 1394 1926 quaeso,
1421 1890 1468 1913 ex
1486 1889 1547 1914 me
1570 1877 1617 1916 D.
1642 1879 1716 1915 Ro-

139 1937 317 1989 dolphum
360 1939 577 1977 Gualterum
623 1945 662 1976 et
699 1945 843 1978 ceteros
884 1946 968 1978 tuos
1013 1946 1252 1992 symmystas.
1328 1940 1602 1979 Commendate
1648 1956 1718 1980 nos

138 2003 308 2052 precibus
334 2003 466 2040 vestris
495 2003 675 2042 Domino.
733 2005 918 2048 Dominus
943 2005 1054 2043 Jesus
1080 2011 1117 2041 te
1143 2005 1252 2042 nobis
1278 2011 1316 2042 et
1346 2005 1517 2043 ecclesiae
1541 2019 1620 2044 suae
1653 2007 1718 2045 diu

139 2066 367 2104 incolumem
387 2073 592 2112 conservet,
612 2067 724 2106 frater
748 2069 787 2106 in
817 2068 983 2106 Domino
1010 2069 1269 2107 colendissime
1297 2075 1335 2107 et
1362 2069 1577 2107 carissime!
1633 2071 1663 2109 F
1665 2072 1718 2108 ul-

140 2131 278 2172 hamiae
306 2132 353 2170 ad
380 2132 498 2182 ripam
525 2130 732 2177 Thamesis,
766 2134 813 2169 13
841 2133 1018 2183 Augusti,
1052 2135 1163 2170 1569.

699 2208 794 2246 Tuae
820 2208 951 2259 pietati
980 2208 1234 2246 deditissimus
1260 2210 1298 2246 in
1330 2209 1508 2254 Domino,

1085 2285 1219 2323 EDM.
1247 2285 1611 2329 GRINDALLUS,

1189 2348 1397 2399 Episcopus
1427 2349 1688 2388 Londinensis.

220 2433 348 2472 Frater
365 2439 492 2472 noster
509 2434 703 2473 Johannes
721 2433 862 2472 Abelus
877 2440 964 2472 ante
985 2435 1125 2485 aliquot
1143 2447 1292 2472 menses
1312 2441 1398 2486 post
1423 2435 1553 2487 longos
1576 2451 1622 2474 ex
1643 2437 1717 2474 cal-

141 2498 225 2537 culo
243 2498 426 2536 cruciatus
443 2496 539 2536 hanc
558 2499 672 2536 vitam
689 2513 774 2537 cum
793 2499 947 2537 meliore
968 2500 1222 2537 eommutavit.

506 2585 762 2612 mscmp'rm.

248 2638 468 2676 Reverendo
489 2639 528 2674 in
547 2637 698 2675 Christo
727 2640 894 2683 domiuo,
917 2640 1085 2675 Haurit-0

298 2702 523 2750 Bullingero
560 2702 712 2747 seniori,
757 2703 918 2740 ccclesiae
968 2703 1083 2751 Tiga-

301 2769 395 2804 rz'noe
427 2767 604 2803 ministro
633 2766 880 2815 fidelissi7110‚
913 2771 947 2804 et
962 2765 1091 2817 fratri

299 2833 341 2868 in
372 2830 523 2868 Christo
552 2832 757 2868 carissimo.

843 2896 989 2945 Tiguri.

923 2971 1141 3009 Tradantur
1168 2971 1408 3022 typographis
1440 2973 1630 3023 Tigurinis

1101 3035 1335 3074 Francofurti
1366 3037 1412 3074 ml
1442 3038 1623 3075 Mannum.
