1845 3233
102 162 269 219 Lxxxx]
586 178 641 203 Ao
677 177 890 204 flmmeum
920 177 1223 204 BULLmGERUM.
1602 164 1685 205 119

101 301 270 343 tempore
306 292 493 337 absoluto,
531 293 570 329 in
603 306 736 343 aquam
773 292 996 344 profundam
1033 299 1089 330 ter
1116 292 1287 337 demersi,
1318 293 1405 330 urbe
1435 292 1493 329 vel
1526 292 1689 342 paroecia

103 364 283 408 perpetuo
317 358 482 394 exulant.
540 357 615 394 His
644 358 767 408 poenis
801 357 995 407 subjicitur
1030 363 1110 394 tum
1140 357 1207 401 vir,
1239 362 1318 394 tum
1356 356 1507 401 femina,
1542 355 1688 406 quoties

103 435 256 471 peccare
285 434 348 459 eos
377 421 589 470 contigerit.

182 485 290 523 XIV.
347 485 520 523 Incestus
538 485 709 536 capitalis
726 499 839 536 poena
853 485 1103 523 constituitur.
1163 485 1222 521 De
1240 484 1423 522 adulterio
1447 489 1574 521 autem
1593 482 1688 520 nihil

104 551 143 587 in
168 549 332 587 comitiis
364 550 609 587 constitutum
637 556 712 595 est;
741 550 807 587 sed
835 550 916 600 ejus
940 549 993 586 rei
1017 549 1113 586 ratio
1140 549 1179 585 in
1205 549 1377 600 proxima
1401 548 1554 587 comitia
1577 547 1691 585 dilata

106 620 176 652 cst.

181 677 266 715 XV.
319 677 443 714 Justae
479 677 711 715 declarantur
753 678 895 728 nuptiae
934 677 1032 714 inter
1070 689 1248 728 personas
1296 677 1333 713 in
1368 677 1533 714 secundo
1571 676 1688 727 gradu

103 747 322 787 contractae,
351 742 558 792 cujusmodi
585 748 672 779 sunt
698 742 855 779 duorum
883 741 1037 779 fratrum
1067 747 1131 778 aut
1157 753 1336 779 sororum.

446 831 712 858 1NscR1PT1o.

213 888 428 924 Reverendo
466 889 505 923 in
541 886 704 931 Christo,
741 885 794 922 D.
831 886 1001 923 Henrico

262 951 503 999 Bzdlz'ngcro,
529 950 728 998 Tigurinoe
746 952 908 988 ecclesiae
934 953 1005 988 mi·
1024 963 1026 966 ’

263 1018 384 1052 mistro
423 1015 669 1065 fidelissimo,
713 1018 745 1051 ct
785 1014 918 1065 fratri
964 1017 1033 1051 in·

268 1080 418 1117 Christo
447 1080 653 1116 carissimo.

733 1142 880 1190 Tz‘gnrz’.

601 1352 901 1396 EPISTOLA
944 1351 1206 1406 LXXXII.-

192 1507 461 1538 EDMUNDUs
493 1507 806 1539 GRINDALLUS
835 1509 903 1539 AD
937 1508 1197 1540 HENRICUM
1230 1506 1601 1538 BULLINGERUM.

187 1584 322 1619 Snus
350 1582 387 1619 in
417 1580 579 1619 Christo.
636 1582 759 1620 Credo
792 1596 852 1620 me
890 1596 1021 1621 omnes
1050 1583 1201 1634 pietatis
1229 1589 1305 1620 tuae
1337 1583 1459 1620 literas
1486 1582 1688 1632 accepisse,

107 1659 175 1697 pro
205 1646 337 1696 quibus
368 1645 436 1683 tibi
472 1646 654 1684 maximas
685 1647 826 1697 gratias
861 1660 947 1697 ago.
1004 1647 1263 1697 Superioribus
1290 1646 1469 1684 nundinis
1497 1645 1691 1683 Francfor-

108 1709 228 1747 dianis
256 1722 333 1745 non
359 1710 548 1760 respondi,
579 1710 664 1760 quia
693 1710 801 1747 initio
831 1710 1126 1760 quadragesimae
1155 1711 1312 1747 tertiana
1336 1710 1437 1747 febre
1465 1709 1687 1753 laborabam,

106 1774 166 1811 eui
195 1773 371 1811 successit
398 1773 553 1811 ocularis
582 1774 754 1819 morbus;
785 1780 824 1811 at
849 1787 947 1812 nunc
973 1774 1095 1824 gratia
1120 1774 1277 1811 Domini
1305 1774 1399 1811 bene
1430 1773 1613 1812 convalui.

188 1837 362 1875 Gratulor
378 1837 484 1874 vobis
502 1843 540 1874 et
560 1838 841 1875 Genevensibus
860 1843 937 1874 tam
955 1837 1123 1888 quietum
1142 1851 1263 1875 rerum
1283 1843 1441 1881 statum;
1464 1837 1563 1887 quod
1582 1836 1690 1887 plane

112 1901 279 1939 miraculi
306 1901 422 1938 instar
443 1914 522 1939 esse
544 1906 683 1952 potest.
738 1900 898 1939 Habetis
929 1902 1029 1939 enim
1052 1915 1100 1939 ex
1124 1902 1226 1940 omni
1252 1907 1356 1952 parte
1383 1901 1609 1939 adversarios
1634 1902 1690 1939 in-

113 1965 356 2003 sensissimos.

192 2029 332 2067 Nostra
361 2029 614 2066 controversia
639 2029 822 2071 vestiaria,
854 2030 898 2067 de
924 2044 998 2081 qua
1024 2030 1164 2075 scribis,
1195 2030 1243 2067 ad
1268 2035 1413 2079 tempus
1437 2029 1688 2073 deferbuerat;

113 2094 179 2133 sed
208 2093 342 2143 hyeme
371 2092 496 2142 elapsa
531 2093 729 2138 recruduit,
762 2094 871 2144 idque
901 2106 1014 2144 opera
1046 2094 1277 2143 quorundam
1309 2094 1372 2144 qui
1408 2093 1528 2143 magis
1560 2093 1689 2131 fervidi

111 2165 211 2203 sunt,
231 2170 341 2208 quam
369 2163 433 2193 aut
456 2156 556 2193 docti
577 2163 642 2193 aut
663 2157 724 2206 pia
748 2158 946 2208 prudentia
966 2157 1124 2208 praediti.
1180 2157 1292 2195 Cives
1314 2157 1571 2196 Londinenses
1595 2171 1691 2195 non-

112 2223 204 2261 nulli
236 2221 354 2259 infimi
388 2220 539 2264 ordinis,
573 2220 759 2271 adjunctis
789 2227 947 2271 quatuor
974 2227 1038 2258 aut
1066 2222 1228 2271 quinque
1261 2222 1451 2265 ministris,
1481 2222 1545 2271 qui
1570 2235 1689 2272 neque

107 2286 249 2337 judicio
275 2298 395 2335 neque
419 2284 623 2321 eruditione
652 2284 852 2334 pollebant,
877 2291 1041 2335 apertam
1061 2285 1309 2323 defectionem
1335 2300 1357 2323 a
1382 2286 1490 2323 nobis
1512 2285 1690 2329 fecerunt,

112 2358 223 2402 atquc
251 2349 451 2400 aliquando
488 2349 525 2385 in
559 2349 729 2386 domibus
766 2349 928 2400 privatis,
966 2350 1165 2400 aliquando
1201 2350 1239 2386 in
1271 2351 1382 2400 agriS‚
1420 2362 1689 2400 nonnunquam

111 2417 225 2463 etiam
256 2421 294 2452 et
325 2414 362 2450 in
391 2413 559 2457 navibus,
594 2425 681 2450 suos
709 2412 915 2451 habuerunt
944 2419 1163 2458 conventus,
1193 2420 1230 2451 et
1258 2420 1485 2452 sacramenta
1513 2413 1690 2451 adminis-

110 2484 264 2517 trarunt.
331 2477 402 2514 Sed
433 2483 470 2513 et
502 2477 691 2514 ministros
723 2478 886 2515 seniores
919 2484 957 2515 et
997 2477 1176 2515 diaconos
1208 2491 1275 2515 suo
1313 2491 1416 2516 more
1451 2479 1688 2523 ordinarunt;

111 2544 295 2595 quosdam
317 2542 441 2586 etiam,
465 2542 527 2592 qui
555 2542 599 2578 ab
627 2554 755 2578 eorum
782 2542 939 2579 ecelesia
966 2542 1192 2587 defecerant,
1222 2543 1602 2583 exconmnmiearunt.
1642 2544 1692 2581 D.

114 2607 357 2646 Laurentium
389 2606 650 2651 Humfredum,
683 2608 940 2656 Sampsonem,
970 2607 1151 2644 cherum
1174 2612 1212 2643 et
1237 2607 1342 2650 alios,
1369 2607 1433 2657 qui
1457 2607 1574 2645 multa
1595 2609 1693 2659 passi

117 2677 206 2709 sunt
236 2684 301 2721 pro
339 2671 506 2708 libertate
539 2670 636 2708 circa
672 2683 729 2707 res
763 2670 979 2721 adiaphoras
1017 2670 1229 2715 obtinenda,
1268 2671 1354 2721 quia
1391 2684 1471 2708 sese
1504 2685 1588 2710 cum
1620 2673 1692 2710 illis

112 2749 190 2773 non
220 2735 468 2785 conjungunt,
498 2747 565 2785 pro
594 2734 840 2785 semipapistis
868 2735 947 2785 jam
978 2735 1128 2779 habent,
1163 2747 1281 2785 neque
1313 2735 1459 2772 illorum
1495 2737 1693 2774 conciones

114 2799 241 2836 audire
271 2798 346 2835 suis
369 2798 601 2848 permittunt.
665 2798 741 2842 Qui
771 2797 878 2848 liujus
908 2804 992 2836 sunt
1025 2795 1199 2836 factionis
1227 2811 1381 2836 numero
1410 2805 1495 2837 sunt
1524 2800 1599 2839 fere
1626 2801 1693 2837 du—

116 2863 238 2906 centi3
284 2862 347 2899 sed
384 2862 606 2899 feminarum
644 2875 756 2912 quam
792 2863 954 2900 virorum
992 2863 1110 2913 major
1143 2868 1200 2899 est
1234 2876 1417 2901 numerus.
1484 2864 1696 2902 Consiliarii

115 2927 207 2976 regii
228 2927 417 2977 praecipua
444 2926 550 2976 hujus
578 2926 751 2964 factionis
778 2927 903 2977 capita
928 2940 1044 2978 nuper
1070 2927 1273 2966 carceribus
1301 2928 1535 2974 mandarunt,
1562 2934 1599 2966 et
1625 2928 1694 2965 hoc

117 2996 248 3040 agunt,
278 2997 319 3028 ut
346 2990 428 3029 haec
456 2998 557 3029 secta
585 2991 803 3042 tempestive
831 2998 1053 3030 coerceatur.
