1845 3233
90 130 147 187 1,.]
579 144 630 169 An
665 140 873 168 flmmeum
915 140 1214 166 BELLINGERUM.
1608 125 1660 167 69

89 260 167 298 sine
191 259 466 298 intermissione
498 258 604 309 pluit,
629 258 733 309 quasi
765 257 884 295 facere
912 257 990 307 jam
1024 255 1123 294 aliud
1152 255 1288 293 coelum
1322 268 1397 292 non
1427 259 1547 306 queat.
1604 254 1664 291 Ex

89 324 160 362 bac
191 324 416 374 contagione
452 329 539 360 nata
572 329 657 360 sunt
691 328 877 360 monstra:
917 320 1077 358 infantes
1112 320 1254 357 foedum
1287 320 1325 357 in
1358 320 1510 357 modum
1542 317 1664 355 defor-

90 389 201 426 matis
232 388 458 438 corporibus,
492 387 553 424 alii
583 400 731 438 prorsus
764 386 843 424 sine
875 385 1069 436 capitibus,
1102 384 1165 421 alii
1198 384 1379 435 capitibus
1411 383 1564 427 alienis;
1600 381 1665 419 alii

90 453 210 490 trunci
233 452 313 490 sine
337 451 505 496 brachiis,
536 452 615 489 sine
640 451 754 497 tibiis,
780 451 858 488 sine
886 450 1072 494 ertu·ibus;
1104 448 1166 485 alii
1194 448 1339 485 ossibus
1363 448 1451 485 solis
1471 447 1663 484 cohaeren-

90 523 161 562 tes,
189 530 335 568 prorsus
361 516 438 553 sine
464 516 549 553 ullis
575 516 756 561 carnibus,
782 515 907 566 quales
932 514 1006 551 fere
1037 513 1220 563 imagines
1244 512 1374 550 mortis
1400 512 1503 562 pingi
1532 511 1664 548 solent.

92 581 235 619 Similia
266 580 338 617 alia
366 581 555 631 complura
584 586 672 617 nata
705 586 790 617 sunt
821 593 840 616 e
868 579 1004 630 porcis,
1039 592 1084 615 ex
1115 577 1291 628 equabus,
1319 590 1339 613 e
1369 576 1503 621 vaccis,
1538 589 1559 613 e
1585 576 1663 626 gal-

91 646 184 683 linis.
253 645 392 683 Messis
427 645 498 682 hoc
532 651 698 695 tempore
736 644 835 695 apud
868 656 936 681 nos
973 642 1167 693 angustius
1203 642 1352 692 quidem
1389 641 1575 692 provenit,
1611 641 1665 678 ita

91 717 214 747 tamen
252 716 293 746 ut
336 722 408 747 non
449 710 631 760 possimus
666 709 821 746 multum
865 707 1053 759 conqueri.
1136 706 1363 750 Sarisberiae,
1404 707 1449 742 14
1487 705 1664 756 Augusti,

97 776 209 811 1562.

927 825 1027 862 Tuus
1055 825 1093 862 in
1123 824 1288 869 Christo,

1042 912 1116 950 JO.
1144 911 1394 957 JUELLUS,
1425 911 1584 961 Anglus.

357 980 609 1005 lxscmwrm.

178 1034 429 1071 ornatissimo
450 1034 543 1076 viro,
564 1033 716 1069 domino
738 1032 907 1068 Hernico

229 1099 470 1145 Bullingero,
480 1109 629 1134 smnmo
641 1097 790 1145 pastori
801 1097 909 1131 eccle-

226 1164 292 1199 sioe
306 1162 510 1209 Tegurime,
531 1162 685 1198 domino
705 1172 770 1197 suo
790 1159 910 1196 colen-

228 1227 392 1264 dissimo.
453 1226 597 1274 Tiguri.

691 1420 987 1462 EPISTOLA
1020 1420 1094 1462 LI.

302 1599 798 1639 JOHANNEs„JU1311LUs
831 1599 898 1629 AD
932 1597 1133 1628 PETRUM
1167 1568 1464 1626 MARTYRfiM.

183 1681 218 1718 S.
255 1680 322 1717 PL.
355 1680 391 1716 in
425 1679 588 1718 Christo
646 1680 784 1731 Scripsi
817 1680 864 1716 ad
899 1685 937 1716 te
974 1684 1011 1716 et
1051 1677 1204 1715 seorsim
1241 1677 1288 1714 ad
1326 1676 1375 1714 D.
1412 1675 1672 1725 Bullingerum

103 1745 226 1782 statim
261 1758 284 1782 a
314 1744 501 1795 paschate.
558 1745 632 1782 Eas
661 1758 767 1795 spero
796 1745 875 1794 jam
905 1743 1046 1794 pridem
1075 1755 1155 1779 esse
1184 1741 1356 1779 redditas.
1413 1740 1512 1778 Nam
1545 1740 1588 1778 dc
1617 1754 1675 1778 su-

104 1809 321 1859 perioribus,
349 1823 438 1860 quas
465 1810 545 1846 misi
577 1809 879 1847 Franeofordiam
903 1808 948 1845 ad
973 1807 1156 1844 nundinas
1182 1805 1352 1850 Martias,
1380 1811 1417 1841 et
1448 1805 1569 1842 curavi
1593 1806 1675 1843 red-

106 1874 244 1911 ‹lendas
269 1873 519 1911 Frosehovero
541 1874 694 1923 juniori,
714 1873 802 1924 quin
828 1873 874 1909 ad
894 1878 930 1910 te
956 1872 1123 1922 aliosque
1147 1870 1394 1921 pervenerint,
1415 1869 1507 1906 nihil
1532 1869 1672 1907 dubito.

107 1939 249 1976 Tamen
276 1938 323 1975 D.
356 1938 592 1987 Bullingerus
618 1938 760 1975 videtur
784 1937 874 1974 mihi
904 1937 942 1974 in
973 1936 1089 1973 literis
1122 1935 1195 1972 suis
1223 1934 1351 1971 nescio
1377 1934 1464 1984 quid
1488 1933 1533 1970 de
1555 1934 1674 1983 negli-

107 2002 232 2052 gentia
258 2008 385 2039 nostra
416 2002 603 2052 conqueri.
660 2002 719 2040 Ex
746 2015 792 2039 eo
821 2007 987 2051 tempore
1017 2000 1142 2037 allatae
1171 2005 1257 2036 sunt
1281 2012 1303 2035 a
1327 2005 1364 2035 te
1394 1998 1439 2035 ad
1464 2011 1524 2035 me
1554 1998 1673 2035 literae

105 2068 202 2103 «latae
233 2066 365 2116 Tiguri
402 2067 447 2103 ad
484 2075 652 2116 quartum
688 2066 785 2103 diem
824 2065 965 2107 Martii,
1000 2077 1084 2114 quie
1121 2076 1230 2114 quani
1264 2062 1356 2099 mihi
1390 2068 1508 2112 gratae
1541 2068 1578 2099 et
1611 2063 1672 2112 ju-

103 2131 237 2169 cundae
265 2130 416 2172 fuerint.
453 2136 494 2166 tu
528 2136 632 2180 potes
661 2130 767 2167 facile
795 2142 862 2180 pro
896 2142 979 2166 mea
1013 2142 1103 2178 erga
1135 2133 1171 2164 te
1208 2127 1439 2165 observantia
1473 2133 1510 2164 et
1547 2140 1672 2164 amore

108 2202 284 2245 perpetuo
310 2195 488 2245 judicare.
545 2195 625 2231 Etsi
650 2194 749 2230 enim
781 2207 824 2230 ea
851 2206 936 2243 quie
964 2193 1147 2229 scribebas
1173 2198 1295 2229 essent
1323 2192 1401 2241 jam
1436 2191 1525 2228 satis
1551 2197 1675 2228 vetera

108 2266 146 2296 ct
172 2273 264 2309 pene
294 2259 471 2303 obsoleta,
503 2258 639 2310 (literae
668 2259 767 2295 enim
797 2258 871 2294 ill-„12
899 2263 976 2294 tua:
1006 2257 1068 2293 vix
1098 2256 1143 2293 ad
1171 2270 1230 2293 me
1262 2256 1446 2306 pervenire
1477 2261 1677 2305 potuerunt

110 2330 193 2361 ante
217 2327 264 2361 :27
290 2324 387 2361 diem
407 2324 525 2367 Junii,
545 2322 760 2360 anhelantes
784 2323 862 2372 jam
890 2328 928 2359 et
952 2322 1059 2358 lassa:
1087 2322 1131 2358 de
1157 2321 1248 2370 via‚)
1275 2327 1398 2356 tamen
1425 2319 1462 2356 in
1485 2320 1556 2357 illis
1575 2320 1675 2357 vide-

112 2390 174 2426 bar
197 2388 285 2425 mibi
316 2396 351 2425 te
376 2401 592 2437 agnoscere,
619 2392 656 2424 et
681 2387 806 2424 audire
826 2399 953 2423 vocem
978 2392 1092 2429 tuam,
1120 2391 1158 2421 ct
1176 2383 1388 2421 suavissime
1414 2389 1534 2421 tecum
1564 2385 1675 2422 collo—

110 2454 183 2503 qui.
238 2453 292 2490 Te
318 2453 539 2490 incolumem
569 2457 678 2502 atque
698 2451 852 2488 alacrem
873 2450 1025 2487 rediisse
1043 2463 1063 2487 e
1083 2448 1227 2492 Galliis,
1246 2454 1283 2485 et
1306 2448 1489 2498 integram
1513 2449 1677 2500 eorporis

112 2518 321 2555 firmitatem
343 2523 380 2553 et
398 2516 647 2553 valetudinem
666 2516 834 2559 retinere,
855 2528 921 2566 pro
940 2528 984 2551 eo
1005 2528 1047 2551 ac
1067 2514 1185 2551 debeo
1204 2513 1308 2550 valde
1330 2513 1484 2563 gaudeo.

191 2583 303 2627 Quod
327 2582 374 2619 ad
401 2594 460 2617 me
486 2580 682 2625 scribebas,
708 2593 791 2617 cum
813 2581 889 2630 jam
916 2585 993 2616 tum
1025 2591 1122 2615 esses
1146 2578 1181 2614 in
1207 2577 1348 2621 Galliis,
1369 2590 1444 2614 non
1471 2577 1538 2614 tibi
1564 2577 1676 2615 videri

113 2654 277 2699 spectare
312 2646 357 2683 ad
391 2659 504 2688 arma,
537 2658 657 2695 neque
691 2644 763 2681 alia
793 2644 935 2681 ratione
968 2656 1076 2693 posse
1113 2641 1284 2691 transigi,
1322 2641 1358 2678 id
1391 2655 1489 2679 nune
1522 2641 1677 2679 nimium

113 2726 196 2750 vere
228 2724 265 2748 rc
297 2711 378 2761 ipsa
410 2710 576 2746 videmus
607 2708 796 2746 accidisse.
855 2707 1038 2745 Dominus
1073 2707 1174 2744 Deus
1207 2705 1371 2743 Sabaoth
1403 2713 1578 2755 exsurgat
1615 2707 1679 2743 ali-

114 2776 273 2827 quando,
304 2782 340 2811 et
376 2774 573 2825 pessundet
604 2786 646 2809 ac
683 2772 834 2822 dissipet
866 2771 991 2809 hostes
1023 2785 1129 2817 suos:
1167 2771 1302 2808 nostris
1337 2776 1459 2808 autem
1497 2770 1678 2814 fratribus,

113 2841 175 2891 qui
204 2840 304 2877 illum
341 2844 466 2876 sancte
500 2837 637 2880 colunt,
665 2836 776 2873 addat
808 2836 974 2873 animos!
1033 2836 1118 2873 Dux
1149 2835 1349 2880 Guisanus,
1385 2835 1503 2873 hostis
1533 2841 1679 2885 potens,

113 2911 151 2942 et
177 2905 254 2954 jam
282 2909 394 2941 aetate
425 2909 534 2952 atque
559 2914 626 2938 usu
652 2913 770 2938 rerum
800 2900 965 2946 callidus,
995 2898 1086 2936 nibil
1117 2905 1192 2936 tam
1217 2899 1357 2936 ambire
1384 2899 1540 2943 videtur,
1570 2912 1677 2950 quam

115 2969 327 3019 opinionem
359 2968 402 3005 de
432 2981 470 3004 sc
498 2967 645 3004 bonam.
703 2965 832 3016 Itaque
860 2971 945 3002 ante
971 2965 1111 3015 aliquot
1134 2964 1213 3002 dies
1242 2964 1360 3002 nuntii
1392 2972 1429 3001 et
1453 2963 1569 3000 litera¹
1599 2976 1680 3013 pas—
