1845 3233
70 133 210 191 xxnn]
598 152 652 177 AD
684 151 844 178 PETRUM
879 152 1121 179 MARTYREM.
1590 143 1645 184 33

68 266 211 305 Moneo
242 271 382 311 tamen,
409 271 450 303 ut
475 272 666 317 exspectet
692 267 968 319 aliquantisper,
1001 281 1046 306 ne
1075 281 1251 319 cogamur
1285 282 1358 306 una
1381 268 1499 307 redire
1529 268 1646 319 Tigu-

67 344 160 370 rum.
217 331 321 369 Bene
353 330 445 376 vale,
473 331 525 368 mi
557 337 660 382 pater
688 338 726 369 et
754 331 906 370 domine
939 332 977 369 in
1006 332 1157 371 Christo
1189 333 1463 371 colendissime.
1520 332 1643 370 Saluta

67 395 247 446 optimam
270 395 370 432 illam
396 395 600 439 mulierem,
630 409 782 434 uxorem
808 402 933 440 tuam;
963 402 1001 434 et
1028 397 1144 435 filiolo
1167 404 1232 435 tuo
1258 397 1403 443 Isaaco,
1431 410 1541 448 quem
1571 410 1643 448 ego

68 460 254 510 hucusque
281 459 492 510 vagientem
524 460 648 497 audire
680 460 819 506 videor,
851 461 1032 498 basiolum
1060 462 1148 499 dato
1179 475 1263 499 meo
1297 462 1462 500 nomine.
1517 462 1643 500 Saluta

70 525 118 562 D.
163 525 434 575 Bullingerum,
478 525 526 562 D.
566 524 846 569 Bernardinum,
892 525 941 563 D.
976 526 1203 571 Gualterum‚
1245 527 1292 565 D.
1336 527 1545 570 Simlerum,
1592 526 1639 564 D.

68 590 284 634 Gesnerum,
315 589 362 626 D.
391 590 623 636 Lavaterum‚
658 589 707 626 D.
737 589 927 636 Vickium,
958 590 1006 627 D.
1029 591 1236 635 Hallerum,
1265 591 1312 629 D.
1332 590 1546 641 Volphium,
1576 590 1640 627 lio-

66 653 204 691 minem
233 654 541 704 jucundissimum
571 660 607 690 et
637 653 674 690 in
702 653 928 704 amplissima
960 655 1109 692 civitate
1135 662 1274 700 natum,
1307 655 1355 693 D.
1388 655 1559 699 Frisium,
1589 655 1637 692 D.

69 717 341 762 Hermannum,
385 725 490 755 tuum
536 731 732 769 meumque
766 718 919 764 Julium,
958 719 1109 764 Juliam,
1149 727 1186 757 et
1217 720 1509 758 moratissimum
1546 733 1640 758 nunc

66 795 217 833 puerum
246 783 507 833 Martyrillum.
564 783 693 821 Nostri
724 796 819 820 nunc
847 796 977 821 omnes
1004 797 1101 835 pene
1127 791 1212 822 sunt
1240 785 1278 822 in
1306 785 1533 836 dispersione
1552 798 1641 836 gen-

66 847 170 885 tium.
245 847 454 885 Grindallus
498 847 754 891 Londinensis,
801 847 945 885 Sandus
987 849 1254 899 VigorliiensiS‚
1300 848 1429 887 Coxus
1470 849 1640 892 Eliensis‚

69 913 116 950 D.
153 912 310 954 Coccus,
351 912 398 949 D.
438 910 602 949 Vrothus
639 918 900 962 quartanenses
939 919 976 949 te
1014 913 1184 951 salutant.
1254 914 1394 952 Iterum
1432 914 1639 965 iterumque

67 977 157 1023 vale,
184 977 235 1014 mi
265 982 379 1027 pater.
438 976 610 1021 Londini,
635 978 680 1012 16
702 975 934 1022 Novembris,
959 979 1072 1016 1559.

1119 1042 1142 1081 J
1148 1042 1193 1081 O.
1229 1043 1252 1082 J
1258 1043 1481 1088 UELLUS,

1325 1109 1441 1147 Totus
1468 1114 1561 1146 tuus.

379 1180 632 1206 INSCRIPTIO.

149 1234 400 1271 Ornatissimo
437 1238 471 1270 et
508 1234 618 1281 longe
647 1235 794 1272 doctiss.
830 1236 928 1279 viro,

198 1299 247 1335 D.
275 1297 390 1334 Petro
421 1297 610 1346 Martyri,
636 1298 835 1347 profitenti
860 1314 918 1337 sa-

197 1375 285 1398 cras
319 1363 529 1410 scripturas
562 1364 604 1399 in
641 1363 767 1399 schola
810 1364 924 1413 Tigu-

196 1427 297 1470 rina,
327 1427 478 1463 domino
506 1439 573 1463 suo
601 1427 795 1464 colendiss.

446 1490 480 1526 T
479 1492 592 1538 igurz'.

607 1785 907 1828 EPISTOLA
939 1786 1096 1829 XXV.

272 1962 527 1993 JOHANNES
557 1962 767 1995 JUELLUS
797 1965 864 1995 AD
896 1964 1098 1995 PETRUM
1125 1963 1426 2002 MARTYREM.

145 2060 328 2098 Anum
359 2066 444 2098 sunt
473 2061 517 2098 ad
547 2074 607 2098 me
634 2061 807 2100 hesterno
835 2063 894 2100 die
919 2076 939 2100 e
970 2063 1095 2101 Scotia
1124 2063 1242 2101 literae
1273 2078 1295 2101 a
1325 2064 1489 2102 Critonis
1520 2067 1635 2102 nostri

68 2125 180 2176 genio
207 2131 244 2162 et
271 2125 406 2162 comite
437 2125 631 2176 Pamphilo
658 2126 702 2163 de
727 2131 809 2164 toto
834 2132 933 2163 statu
954 2140 1075 2164 rerum
1101 2128 1330 2166 Scoticarum
1355 2130 1401 2167 ab
1430 2129 1493 2167 illo
1521 2143 1635 2180 usque

66 2195 245 2240 tempore,
265 2203 338 2240 quo
365 2190 522 2240 primum
542 2196 705 2240 coeptum
734 2196 791 2227 est
814 2191 1036 2228 tumultuari.
1095 2192 1193 2237 Quae
1220 2193 1345 2230 omnia
1371 2194 1486 2231 oravit
1511 2207 1570 2231 me
1596 2200 1635 2231 ut

68 2268 140 2303 ego
161 2254 358 2304 diligenter
382 2260 491 2304 atque
510 2255 637 2292 ordine
660 2254 706 2291 ad
725 2259 763 2291 te
780 2255 1053 2304 perscriberem.
1109 2256 1323 2306 Scripsisset
1348 2257 1424 2308 ipse
1451 2258 1586 2308 potius,
1607 2260 1636 2295 si

67 2318 104 2355 id
132 2319 188 2356 vel
217 2318 395 2368 temporis
421 2318 475 2355 vel
503 2318 574 2355 loci
601 2318 696 2355 ratio
719 2318 811 2356 ferre
833 2319 1028 2356 commode
1056 2320 1248 2370 potuisset.
1309 2321 1395 2372 Ego
1419 2335 1517 2367 vero,
1545 2337 1628 2374 quo-

67 2383 165 2420 niam
186 2389 222 2420 tc
242 2384 318 2421 scio
339 2382 376 2419 in
397 2381 524 2432 primis
544 2382 724 2419 brevitate
743 2382 928 2429 delectari,
949 2383 1104 2420 scribam
1124 2384 1290 2423 breviter.

136 2448 238 2485 Scoti
257 2448 303 2484 ab
323 2447 429 2484 initio
449 2446 568 2484 edicta
583 2446 753 2497 quaedam
773 2453 1044 2498 proposuerunt
1061 2448 1220 2498 publice:
1240 2449 1411 2499 primum,
1428 2464 1466 2487 se
1486 2451 1632 2501 publico

65 2518 208 2550 tantum
236 2512 380 2549 studere
407 2511 530 2548 bono:
565 2511 753 2548 neminem
778 2511 846 2549 sibi
870 2511 1065 2562 quicquam
1091 2513 1260 2562 privatim
1282 2527 1470 2564 quaerere:
1503 2515 1634 2552 deind<=

66 2577 177 2614 videri
198 2576 268 2613 sibi
292 2589 373 2613 esse
392 2588 437 2612 ex
462 2588 529 2612 usu
546 2576 772 2625 reipublicae,
791 2582 832 2613 ut
851 2576 980 2627 regina
996 2577 1189 2615 desisteret
1207 2579 1349 2619 munire
1376 2578 1547 2624 Letham,
1568 2593 1631 2630 op-

66 2641 191 2692 pidum
211 2640 448 2684 maritimum,
475 2645 513 2677 et
536 2639 665 2684 Gallis,
685 2640 715 2677 si
735 2640 823 2690 quid
842 2653 935 2691 opus
953 2647 1063 2685 esset,
1081 2641 1188 2679 valde
1214 2646 1474 2693 opportunum.
1534 2643 1577 2681 Id
1604 2645 1631 2681 si

66 2705 126 2742 illa
143 2705 262 2743 facere
279 2709 475 2749 recusaret,
493 2717 530 2741 se
546 2704 721 2749 facturos,
738 2704 835 2754 quod
855 2704 1001 2742 deceret
1015 2704 1185 2744 homines
1200 2707 1385 2745 studiosos
1400 2707 1580 2745 libertatis
1598 2716 1633 2744 οἱ

64 2776 231 2807 amantes
249 2769 391 2820 patriae.
430 2768 576 2817 Regina
595 2781 692 2813 vcro,
717 2774 758 2805 ut
780 2773 836 2805 est
860 2768 990 2806 mulier
1012 2769 1116 2807 ferox
1139 2775 1176 2807 et
1201 2772 1392 2822 sanguinis
1413 2771 1557 2815 Gallici,
1578 2784 1632 2808 re-

63 2833 212 2882 pudiare
231 2833 481 2871 conditiones:
502 2833 658 2870 clamare
678 2833 871 2883 indignum
891 2846 983 2878 esse,
1000 2833 1120 2884 legem
1140 2835 1282 2885 imponi
1300 2835 1369 2873 sibi
1387 2850 1408 2874 a
1427 2835 1510 2873 suis.
1551 2835 1631 2873 Ne(-

64 2896 215 2935 deerant
233 2897 337 2936 Scoti
357 2897 576 2947 complures,
597 2897 659 2948 qui
677 2896 755 2947 ejus
775 2897 884 2935 fidem
904 2903 942 2935 et
960 2898 1218 2936 auctoritatem
1238 2906 1487 2951 sequerentur.
1533 2899 1633 2943 Quid

63 2961 227 3012 quaeris?
271 2962 426 3000 Venitur
440 2962 486 2998 ad
507 2974 618 2999 arma.
670 2961 726 3000 Ibi
741 2962 935 3014 episcopus
955 2963 1002 3001 D.
1021 2962 1197 3009 Andreae,
1216 2963 1331 3002 homo
1349 2963 1530 3006 militaris,
1553 2963 1632 3013 dig-

1468 3028 1517 3069 ⁴⁶3

177 3083 362 3139 [zomon
399 3081 621 3138 terreas]
