1845 3233
122 132 175 173 643
276 142 481 169 JOHANNES
516 137 803 166 PARKHURSTUS
835 136 889 160 AD
921 131 1130 159 HENRICUM
1165 128 1465 156 DULLINGERUM.
1548 110 1690 169 [EPIST-

119 259 279 309 Anglice
303 256 449 297 scribat,
474 260 510 290 et
536 265 611 290 11011
637 249 783 288 Latine.
839 247 896 284 Tu
922 245 1084 287 interim,
1113 243 1255 293 optime
1283 242 1513 292 Bullingere,
1539 240 1584 278 de
1603 253 1692 278 con-

122 322 297 361 terraneis
323 319 414 356 meis
442 318 543 354 dieas
570 316 679 359 bene,
708 311 859 350 tametsi
887 315 1099 346 mereantur
1126 307 1251 344 audire
1279 306 1388 343 male.

201 386 287 434 Ago
311 383 447 432 gratias
476 394 541 430 pro
570 379 677 423 libro,
707 389 817 426 quem
841 374 896 410 ais
922 380 959 410 te
988 372 1134 408 misisse
1166 371 1213 407 ad
1248 383 1309 407 me
1340 370 1594 407 elucubratum
1623 368 1692 406 hac

123 451 253 500 hyeme
289 452 420 484 contra
453 443 658 482 Brentium.
724 440 776 477 At
808 438 973 475 nondum
1004 435 1152 485 recepi:
1190 434 1290 472 brevi
1322 440 1537 485 recepturus
1570 446 1691 484 spero.

125 513 310 552 Dominus
342 509 485 547 Brentii
514 513 551 544 et
582 505 878 544 Lutheranorum
910 500 1077 538 omnium
1108 498 1239 536 oculos
1266 499 1420 548 aperiat,
1451 512 1498 536 ne
1523 498 1561 535 in
1589 503 1694 534 tanta

123 579 203 614 luce
228 574 387 623 caligine
411 569 687 622 opprimantur!
744 565 899 604 Fabi-itii
925 563 1093 614 signiferi
1122 563 1235 600 vestri
1266 562 1380 599 filium
1408 563 1574 600 nondum
1605 561 1694 598 vidi.

126 642 228 678 Intra
262 638 421 676 triduum
455 646 639 673 arcessam
671 632 785 669 etiam
819 628 1098 670 Nordovieum;
1136 640 1224 664 nam
1258 627 1355 664 ultro
1392 627 1438 663 ad
1474 639 1534 663 me
1570 625 1695 663 venire

124 703 290 741 fortassis
324 707 482 739 recusat.
551 696 794 735 Gratissimus
825 692 1010 736 adveniet,
1042 704 1113 728 nec
1147 691 1303 728 omnino
1335 691 1536 728 indonatus
1567 689 1695 727 abibit.

125 769 164 806 Si
183 767 285 805 canis
303 765 503 815 Tigurinus
523 763 570 800 ad
592 774 652 798 me
673 763 912 802 commearet,
933 756 1091 806 (nullum
1116 761 1242 792 tamen
1265 755 1350 792 novi
1375 760 1514 805 praeter
1532 753 1698 791 Gualteri

124 829 375 880 WVartloeunn)
401 827 548 879 plurimi
576 826 749 868 facerem,
774 836 843 860 nec
871 821 1008 858 canino
1037 833 1140 856 more
1169 825 1380 856 tractarem.

206 894 304 932 Haec
342 893 500 930 breviter
528 890 573 927 ad
609 889 716 926 binas
745 892 826 923 tuas
858 885 994 922 literas.
1053 883 1204 933 Religio
1233 883 1330 934 apud
1359 896 1428 920 nos
1454 883 1492 920 in
1526 896 1571 920 eo
1599 889 1698 920 statu

127 966 194 1004 est,
221 972 294 1009 quo
322 964 444 1002 antea,
467 961 564 993 statu
587 954 737 1003 inquam
766 963 842 988 non
867 949 1023 986 omnino
1044 947 1335 985 contemnendo.
1391 947 1464 985 Sed
1490 961 1562 998 ego
1590 960 1698 998 spero

128 1025 249 1074 aliqua
279 1022 433 1059 meliora
460 1021 499 1056 in
532 1016 712 1069 proximis
742 1013 916 1052 comitiis.
972 1012 1065 1049 Sunt
1090 1011 1127 1049 in
1153 1011 1295 1061 Anglia
1317 1012 1426 1049 multi
1450 1012 1539 1049 boni
1564 1011 1632 1048 viri
1663 1018 1700 1048 et

128 1088 257 1138 spiritu
288 1086 492 1126 ferventem
533 1087 618 1119 sunt
648 1079 754 1117 multi
782 1077 939 1115 nimium
968 1076 1114 1127 frigidi;
1147 1083 1233 1113 sunt
1264 1082 1302 1113 et
1331 1076 1444 1127 tepidi
1473 1089 1549 1113 non
1579 1075 1702 1126 pauci,

129 1165 220 1202 quos
253 1149 438 1188 Dominus
472 1160 518 1184 cx
555 1158 618 1183 ore
653 1158 719 1181 suo
752 1148 911 1180 evomet.
971 1141 1045 1178 Sed
1074 1147 1115 1177 ut
1143 1140 1234 1177 nihil
1264 1141 1361 1191 apud
1392 1147 1429 1177 te
1458 1140 1701 1180 dissimulem,

128 1221 255 1253 metuo
280 1227 326 1250 ne
352 1212 468 1249 multa
497 1209 596 1247 mala
626 1208 765 1245 nostris
797 1205 980 1256 capitibus
1012 1204 1265 1254 impendeant.
1322 1204 1464 1241 Omnes
1495 1204 1594 1241 enim
1627 1204 1702 1240 fere

129 1278 294 1316 avaritiae
326 1277 487 1319 student,
517 1286 647 1311 omnes
680 1271 842 1320 diligunt
870 1281 1036 1306 munera.
1102 1268 1217 1306 Nulla
1248 1268 1398 1313 veritas,
1431 1269 1534 1305 nulla
1565 1268 1703 1305 benesi-

129 1343 262 1386 centia,
292 1341 392 1378 nulla
425 1339 497 1377 Dei
528 1336 707 1387 cognitio.
775 1334 1003 1372 Maledicere
1029 1339 1067 1370 et
1092 1332 1241 1369 mentiri
1267 1339 1304 1370 et
1334 1333 1502 1370 occidere
1530 1338 1568 1369 et
1590 1332 1704 1369 furari

130 1413 167 1443 et
193 1404 370 1443 moecliari
390 1407 641 1454 perruperunt.
698 1400 747 1438 Et
766 1399 863 1449 quod
884 1397 1131 1448 Empedocles
1150 1397 1196 1434 de
1216 1397 1291 1434 suis
1310 1396 1575 1448 Agrigentinis
1597 1396 1704 1439 dixit,

130 1470 201 1508 hoc
230 1483 300 1518 ego
329 1469 449 1505 dicam
478 1467 522 1503 de
550 1465 643 1503 meis
670 1464 832 1514 Anglis:
860 1462 978 1512 Angli
1007 1461 1060 1499 sic
1088 1461 1284 1511 indulgent
1307 1461 1575 1511 voluptatibus,
1601 1460 1706 1510 quasi

132 1534 310 1585 postridie
338 1531 527 1574 morituri3
564 1530 616 1566 sic
644 1528 846 1573 aedificant,
880 1526 981 1577 quasi
1013 1539 1161 1577 semper
1185 1525 1327 1563 victuri.
1382 1524 1436 1562 At
1462 1525 1556 1562 faxit
1589 1525 1703 1567 Deus,

133 1605 174 1635 ut
198 1612 243 1635 ex
271 1598 396 1634 animo
426 1593 688 1646 poenitentiam
717 1592 896 1643 agamus!

212 1662 312 1699 Bene
336 1661 427 1704 vale,
453 1658 668 1697 suavissime
689 1657 919 1707 Bullingere.
976 1655 1104 1693 Saluta
1122 1667 1206 1691 meo
1230 1655 1384 1692 nomine
1404 1654 1586 1705 optimam
1605 1660 1706 1692 tuam

134 1725 346 1775 conjugem,
386 1723 492 1767 filios,
528 1722 634 1766 filias,
674 1734 831 1772 generos
869 1733 999 1757 omnes
1036 1720 1181 1764 doctos,
1218 1719 1470 1770 magistratus,
1501 1725 1538 1756 et
1568 1719 1710 1756 amicos

135 1802 238 1826 meos
257 1802 398 1826 onmes.
456 1788 528 1825 Pro
556 1792 675 1823 vestra
698 1785 889 1836 republica
913 1784 1029 1821 fundo
1055 1783 1101 1820 ad
1123 1783 1245 1821 Deum
1272 1797 1399 1833 preces
1424 1789 1537 1821 nocte
1562 1783 1706 1834 dieque.

139 1853 277 1890 Iterum
297 1852 384 1889 vale.
440 1852 529 1889 Mea
548 1864 612 1888 vos
632 1863 771 1887 omnes.
829 1848 996 1899 Raptim.
1018 1847 1253 1892 Ludhamiae,
1274 1849 1323 1884 28
1342 1847 1493 1898 Aprilis,
1517 1850 1629 1885 1562.

1154 1922 1256 1960 Tuus
1286 1935 1331 1959 ex
1360 1922 1498 1967 animo,

866 1997 1155 2037 ,JOHANNES
1190 1997 1604 2043 PARKHURSTUS,

457 2077 708 2102 msemr‘rio.
1404 2062 1708 2101 Nordovicensis.

402 2128 625 2166 Clarissimo
645 2130 727 2164 viro
747 2129 797 2164 D.

374 2193 544 2230 Henrz‘co
578 2193 811 2241 Bnllingero.

811 2256 845 2292 T
844 2257 944 2305 lguri
949 2285 956 2292 .

665 2512 963 2555 EPISTOLA
996 2515 1193 2558 XLVII.

269 2652 521 2684 JOIIANNES
552 2655 902 2690 PARKHURSTUS
930 2661 998 2691 AD
1026 2660 1204 2691 JOSIAM
1236 2659 1492 2691 SIMLERUM
1523 2659 1583 2690 ET

606 2711 897 2746 LUDOVICUM
931 2717 1252 2749 LAVATERUM.

228 2780 378 2825 Quum
413 2783 458 2819 ad
495 2797 560 2821 vos
596 2787 773 2836 proximis
808 2789 984 2827 nundinis
1017 2804 1092 2827 non
1129 2791 1350 2840 scripserim,
1389 2805 1435 2828 ex
1468 2792 1515 2829 D.
1539 2790 1715 2829 Gualtero

149 2844 309 2881 discetis.
367 2845 512 2894 Religio
548 2847 585 2884 in
622 2848 763 2899 Anglia
798 2857 836 2887 et
872 2852 997 2889 Scotia
1040 2853 1129 2890 satis
1170 2853 1326 2891 feliciter
1368 2855 1547 2905 procedit.
1620 2854 1716 2891 Pau-

149 2921 296 2946 cissima
324 2914 421 2954 sunt,
451 2923 533 2960 quoe
561 2925 633 2961 ego
661 2914 868 2965 improbare
897 2917 1026 2954 ausim.
1084 2917 1245 2955 Meliora
1273 2930 1463 2968 speramus
1482 2918 1519 2954 in
1539 2917 1718 2969 proximis
