1845 3233
46 164 213 221 Lxxlx]
504 178 555 203 AD
588 175 799 204 HENRxcUM
831 172 1129 200 BULLINGERUM.
1452 167 1461 185 ’ν
1525 153 1546 193 1
1556 154 1575 193 1
1584 153 1607 194 5

41 309 141 334 nere.
193 294 266 332 Sed
285 293 331 331 de
348 292 407 331 his
425 294 596 331 omnibus
616 297 874 343 exspectamus
894 290 931 327 in
950 289 1029 326 dies
1045 287 1216 332 certiora,
1238 286 1283 324 dc
1303 285 1435 337 quibus
1453 283 1609 321 efficiam

42 360 141 398 brevi
171 365 211 396 ut
229 370 450 408 cognoscas.

123 424 184 462 De
207 422 527 475 persecutionibus
553 420 736 459 Flandriae
754 418 848 456 nihil
867 418 1000 461 scribo,
1028 416 1129 467 quod
1149 428 1210 452 eas
1229 427 1294 452 vos
1319 427 1395 452 non
1417 413 1530 450 latere
1549 424 1612 448 ex-

43 488 217 526 istimem.
274 487 398 525 Multa
431 487 528 538 apud
561 499 630 523 nos
664 485 806 535 jactata
836 489 921 520 sunt
954 482 999 519 de
1035 480 1186 517 obsessa
1223 479 1385 524 Geneva,
1417 477 1481 515 sed
1509 488 1615 526 spero

42 565 137 591 vana
162 565 255 590 esse.
313 551 494 589 Dominus
522 550 633 588 Jesus
659 549 835 600 pietatem
862 552 966 584 tuam
994 545 1100 583 nobis
1127 550 1165 581 et
1192 543 1360 581 ecclcsiae
1387 541 1615 580 incolumem

45 617 258 656 conservet!
316 615 493 660 Londini,
522 616 565 651 21
601 613 716 657 Junii,
749 614 861 648 1567.

677 681 938 720 Deditissimus
964 680 1031 717 tibi
1058 680 1097 717 in
1127 678 1306 723 Domino,

822 748 1128 788 EDMUNDUS
1157 746 1515 792 GRINDALLUS,

1245 812 1417 863 Episcop.
1447 809 1618 848 London.

398 884 661 911 mscmP'rlo.

151 940 368 978 Reverendo
392 942 433 976 in
462 938 613 976 Christo
632 939 680 974 D.
704 937 873 974 Henrico

205 1005 444 1052 BulHngero,
481 1003 676 1051 Tiguriwoe
709 1001 872 1037 ecclesiae

204 1070 386 1105 ministro
402 1068 646 1117 fidelissimo,
678 1068 712 1101 et
735 1063 863 1114 fratri

203 1135 244 1169 in
275 1130 425 1169 Clzristo
454 1132 662 1168 carissimo.

420 1197 568 1245 Tiguri.

563 1387 862 1430 EPISTOLA
904 1386 1106 1428 LXXX.

127 1536 382 1568 -JOHANNES
412 1536 763 1575 PARKHURSTUS
791 1537 859 1567 AD
888 1531 1146 1567 HENRICUM
1177 1531 1546 1564 BULLINGERUM.

140 1611 187 1646 17
219 1609 427 1647 Ocrrossms
451 1610 514 1647 abs
536 1616 573 1647 te
600 1610 725 1647 literas
747 1610 885 1660 accepi,
913 1610 1003 1646 item
1034 1611 1081 1645 16
1108 1607 1224 1651 Maii3
1256 1619 1320 1656 pro
1345 1605 1477 1656 quibus
1505 1610 1542 1641 et
1560 1617 1626 1654 pro

51 1674 274 1712 doctissimis
303 1674 377 1711 tuis
406 1674 445 1711 in
475 1674 626 1712 Esaiam
656 1674 817 1711 homiliis
844 1687 919 1724 ago
945 1673 1082 1723 gratias
1110 1684 1220 1722 quam
1251 1683 1401 1721 possum
1432 1669 1625 1706 maximas.

51 1737 246 1789 Superiore
277 1743 411 1775 aestate
440 1738 534 1775 obiit
563 1737 743 1775 Nicolaus
776 1737 973 1782 Carvilius,
1003 1736 1112 1773 initio
1136 1735 1246 1785 hujus
1276 1734 1414 1772 mensis
1443 1733 1627 1773 Robertus

51 1802 306 1847 Beamundus,
345 1801 506 1853 Collegii
544 1802 579 1840 S.
607 1802 802 1840 Trinitatis
837 1803 881 1840 in'
915 1800 1105 1839 academia
1138 1798 1440 1849 Cantabrigiensi
1476 1809 1627 1848 praeses.

53 1867 114 1905 Illi
142 1866 345 1917 praeivere;
379 1880 460 1912 nos,
487 1880 570 1904 cum
600 1867 766 1905 Domino
794 1867 913 1905 visum
942 1865 1064 1911 fuerit,
1094 1877 1300 1916 sequemur.
1583 1902 1587 1906 ,

130 1930 324 1968 Johannes
354 1930 471 1968 Neale
499 1932 684 1982 princeps,
714 1937 751 1968 et
787 1931 961 1968 maximae
993 1929 1222 1967 auctoritatis
1255 1928 1353 1979 apud
1383 1927 1557 1965 barbaros
1591 1931 1628 1962 et

48 1997 250 2034 inurbanos
274 1994 491 2045 Hybernos‚
513 2008 590 2033 non
616 1996 789 2032 obstante
814 1995 1069 2045 jurejurando,
1096 2000 1225 2032 contra
1251 1999 1417 2031 nostram
1442 1991 1629 2042 Reginam

51 2060 275 2098 seditionem
302 2058 430 2096 movit.
475 2058 573 2096 Toto
602 2058 675 2096 hoc
698 2072 797 2096 anno
821 2058 866 2095 ab
891 2058 1001 2095 armis
1026 2071 1103 2095 non
1125 2057 1273 2108 quievit.
1322 2056 1450 2106 Nuper
1474 2056 1513 2092 in
1539 2067 1628 2092 con—

52 2124 158 2162 flictu
189 2122 334 2161 occisus
372 2128 439 2158 cst.
504 2123 590 2160 Jam
624 2135 708 2172 spes
744 2128 814 2167 cst,
847 2122 957 2159 rudes
994 2120 1078 2158 illos
1111 2127 1149 2158 ct
1183 2121 1403 2158 inhumanos
1434 2124 1473 2156 et
1504 2117 1630 2168 spoliis

52 2187 171 2225 solum
201 2186 368 2223 viventes
398 2184 636 2223 humaniores
665 2191 703 2222 et
731 2185 943 2223 urbaniores
969 2185 1124 2222 futuros.

133 2251 272 2289 Occiso
301 2249 470 2287 Henrico
497 2249 637 2286 Scotiae
666 2249 787 2300 Rege,
813 2249 962 2300 Regina
982 2249 1109 2300 nupsit
1131 2249 1258 2287 comiti
1286 2247 1536 2292 Bothwelliae‚
1565 2246 1629 2297 qui

53 2328 133 2353 non
169 2315 224 2352 ita
260 2313 400 2364 pridem
437 2319 581 2350 creatus
617 2318 672 2349 est
708 2313 782 2350 dux
820 2312 1045 2350 Orchadum.
1114 2311 1221 2350 Uxor
1258 2313 1337 2362 ejus
1373 2310 1491 2348 adhuc
1525 2310 1629 2354 vivit,

54 2378 196 2415 femina
221 2376 454 2414 nobilissima
479 2382 517 2413 ct
543 2377 696 2426 optima,
723 2382 764 2413 ut
788 2376 910 2414 audio.
968 2376 1194 2421 Divortium,
1223 2375 1492 2413 interveniente
1519 2386 1629 2425 papae

55 2441 290 2486 auctoritate,
322 2439 460 2477 factum
500 2446 568 2477 est.
625 2440 802 2478 Proceres
840 2440 1027 2490 Reginam
1064 2440 1103 2477 in
1140 2439 1306 2477 ordinem
1343 2444 1558 2489 coegerunt,
1595 2445 1632 2477 et

54 2513 184 2544 tamen
207 2503 477 2542 humanissime
508 2509 683 2550 tractant,
721 2518 797 2542 non
832 2505 937 2542 obliti
968 2505 1028 2556 (ut
1062 2502 1187 2555 decet)
1224 2503 1360 2540 debitae
1393 2503 1632 2540 obedientiae.

58 2571 146 2608 Dux
178 2569 306 2607 nescio
344 2581 419 2619 quo
453 2568 613 2618 aufugit,
645 2568 785 2606 invisus
817 2567 893 2606 fere
929 2568 1117 2610 omnibus,
1151 2580 1196 2605 eo
1232 2566 1330 2618 quod
1363 2580 1469 2604 suum
1504 2579 1631 2617 regem

56 2641 133 2672 tam
158 2633 354 2672 crudeliter
379 2632 580 2670 occiderit:
615 2632 748 2683 quibus
774 2633 1096 2671 consentientibus
1120 2632 1158 2669 id
1184 2632 1323 2678 feccrit,
1347 2645 1423 2670 non
1452 2632 1633 2678 scribam

58 2697 124 2736 sed
151 2697 249 2735 fama
276 2697 370 2734 mira
397 2703 435 2734 et
461 2695 647 2734 horrenda
675 2697 865 2747 divulgat:

319 2781 447 2826 Fama,
478 2781 616 2819 malum
645 2794 718 2832 quo
745 2794 821 2819 non
850 2782 950 2820 aliud
977 2782 1140 2819 velocius
1167 2781 1292 2827 ullum,

317 2845 410 2883 Tam
436 2845 514 2882 ficti
542 2845 715 2896 pravique
743 2850 870 2891 tenax,
899 2859 1009 2896 quam
1036 2845 1168 2883 nuntia
1193 2845 1284 2883 veri.

138 2930 329 2983 Principes
354 2931 493 2969 Scotiae
519 2931 662 2983 aliquot
689 2931 830 2969 habent
852 2931 1037 2977 cohortes,
1064 2937 1102 2969 ct
1127 2931 1165 2969 in
1187 2931 1360 2970 omnibus
1389 2931 1533 2970 vexillis
1557 2931 1635 2969 sive

64 2994 239 3046 insigniis
270 2994 368 3034 hanc
397 2995 537 3035 habent
568 2995 710 3046 pictam
738 2995 954 3047 imaginem.
1007 2996 1179 3047 Pingitur
1206 2995 1332 3034 viridis
1360 3002 1398 3034 et
1423 2994 1638 3046 perpulchra

1398 3062 1529 3100 ·¹*8—2
