1845 3233
103 125 262 181 mxxn]
335 140 554 166 rzmfflxnis
586 139 833 165 GfflNDALLUS
868 138 920 164 An
952 139 1160 165 nnxmecM
1195 139 1493 165 Bridama-:uma
1579 125 1665 168 ΠΤ

99 255 290 305 ipsiusmet
315 255 475 306 Reginae
500 268 612 293 manu
638 255 806 306 scriptas,
836 254 874 291 in
901 254 1032 304 quibus
1057 254 1314 291 Bothwellium
1337 255 1384 292 ad
1410 267 1537 292 necem
1567 254 1666 303 regis

99 318 221 356 mariti
249 318 524 357 accelerandam
557 320 703 358 hortata
730 326 796 357 est.
849 320 971 364 Quam
1001 318 1071 356 hoc
1101 318 1151 356 sit
1181 331 1320 363 verum,
1349 319 1488 356 nescio.
1539 318 1668 368 Nuper

100 385 231 421 missus
251 383 322 420 fuit
345 384 434 421 baro
460 384 609 434 quidam
632 383 838 434 (Grangius
860 383 1027 432 nomine)
1047 394 1130 420 eum
1156 389 1314 433 quatuor
1337 383 1487 420 armatis
1512 383 1666 420 navibus

100 447 142 484 :nl
173 447 435 485 Bothwcllium
461 448 767 499 persequendum.
815 448 902 485 Jam
931 446 1028 484 enim
1059 447 1150 484 satis
1173 451 1332 491 constat,
1360 447 1464 484 illum
1491 447 1566 484 suis
1588 460 1665 484 ma-

101 512 207 549 nibus
242 525 368 562 regem
407 512 667 561 strangulasse,
703 518 741 549 et
777 518 906 562 postea
942 510 1136 561 supposito
1173 517 1282 561 atque
1323 511 1477 549 incenso
1517 511 1665 561 pulvere

100 576 344 613 tormentario
367 577 538 614 evertisse
564 577 678 621 aedes,
709 583 750 613 ut
776 589 832 614 res
860 575 1043 613 videretur
1069 575 1232 612 fortuita.
1287 575 1343 612 Ex
1372 574 1431 612 his
1456 575 1562 612 facile
1589 576 1667 612 eol-

102 642 215 691 ligere
248 647 369 691 poteS,
401 641 527 691 quanti
560 654 743 692 quamque
776 640 966 678 horribiles
996 645 1121 677 motus
1153 639 1191 676 in
1226 638 1289 675 illo
1315 651 1434 689 regno
1461 652 1577 689 nuper
1604 652 1663 675 ελ-

98 704 216 742 titere.
273 705 427 742 Interim
465 711 587 742 tamen
624 706 765 756 optima
803 719 866 756 spe
900 704 1077 749 ducimur,
1115 703 1196 741 laec
1232 704 1359 740 omnia
1392 703 1430 740 in
1465 705 1664 740 maximam

98 769 328 819 evangelicae
372 769 554 807 doctrinm
596 769 903 820 propagationem
949 782 1106 806 cessura.
1177 767 1371 806 Johannes
1410 768 1583 805 Knoxius
1619 768 1665 804 ad

99 834 293 871 eeclesiam
337 846 440 871 suam
478 834 820 884 Edenburgensem,
858 847 881 871 a
915 846 988 884 qua
1023 839 1132 870 antea
1171 844 1320 882 prorsus
1355 831 1539 876 exulabat,
1582 844 1663 868 cum

99 911 238 948 inagna
268 898 393 948 populi
425 898 672 948 gratulatione
705 911 823 949 nuper
850 898 972 936 rediit.

179 962 372 1000 Hactenus
410 962 456 999 de
491 962 599 999 rebus
635 962 804 1000 Seotieis.
870 962 945 999 Res
981 968 1121 999 nostrae
1159 961 1234 998 fere
1267 960 1394 998 eodem
1432 966 1530 997 statu
1568 967 1665 1004 sunt,

101 1040 173 1076 quo
202 1026 315 1070 fuere,
346 1039 429 1064 cum
465 1026 511 1063 D.
539 1025 817 1063 Wintoniensis
848 1032 960 1077 atque
995 1039 1066 1077 ego
1099 1026 1265 1077 proxime
1300 1026 1346 1062 ad
1374 1031 1411 1062 te
1443 1025 1667 1075 scripsimus.

102 1091 277 1128 Nondum
296 1091 539 1142 conquievere
559 1090 725 1128 omnium
745 1091 872 1136 animi,
892 1091 957 1129 sed
976 1104 1163 1141 speramus
1182 1090 1220 1127 in
1239 1090 1316 1127 dies
1335 1089 1498 1127 meliora.
1528 1088 1669 1126 Contra

102 1158 284 1195 Ber-nates
320 1163 357 1194 et
389 1157 625 1194 Genevenses
656 1155 749 1193 nihil
782 1162 1005 1193 attentatum
1042 1156 1155 1193 fuisse
1191 1155 1365 1205 superiori
1404 1160 1546 1199 aestate,
1575 1154 1668 1191 mul-

100 1228 176 1257 tum
206 1222 322 1271 gavisi
352 1233 498 1258 sumus:
545 1221 762 1257 verebamur
787 1221 899 1264 enim,
928 1234 975 1258 ne
1001 1220 1203 1264 Sabaudus,
1231 1219 1377 1269 adjutus
1403 1219 1448 1256 ab
1475 1218 1669 1268 Hispanis,

102 1285 239 1335 aliquid
269 1286 400 1335 magni
431 1290 562 1321 contra
595 1283 695 1334 ipsos
727 1285 925 1322 moliretur.
994 1283 1177 1321 Salutabis
1205 1297 1251 1320 ex
1279 1296 1339 1320 me
1372 1284 1420 1321 D.
1453 1283 1667 1321 Gualteruin

101 1363 142 1385 nc
171 1356 314 1387 ceteros
342 1356 427 1386 tuos
450 1348 623 1397 collegas.
687 1349 873 1386 Dominus
899 1349 1094 1386 benedicat
1115 1347 1218 1385 vobis
1242 1361 1286 1385 ae
1310 1347 1442 1385 vestris
1470 1347 1667 1390 laboribus,

100 1421 272 1463 tuamque
299 1413 477 1463 pietatem
510 1412 678 1450 ecclesiae
714 1426 792 1450 suae
824 1426 934 1463 quam
965 1413 1170 1450 diutissime
1202 1412 1425 1449 incolumem
1451 1412 1665 1449 conservet!

106 1476 278 1522 Londini,
300 1478 348 1513 29
368 1475 544 1526 Augusti,
564 1489 663 1513 anno
686 1478 798 1513 1567.

626 1564 889 1602 Deditissimus
917 1565 983 1602 tibi
1010 1565 1048 1602 in
1078 1564 1256 1610 Domino,

816 1649 1122 1688 EDMUNDUS
1152 1648 1512 1693 GRINDALLUS,

1300 1724 1471 1776 Episcop.
1501 1723 1668 1762 London.

184 1872 295 1919 Quod
325 1872 460 1910 attinet
495 1872 542 1909 ad
578 1877 727 1909 senatus
756 1871 924 1910 consulta
948 1871 1104 1922 publicis
1132 1871 1237 1923 regni
1269 1871 1432 1909 comitiis
1457 1871 1543 1915 lata,
1571 1869 1669 1906 volui

104 1939 216 1976 etiam
253 1937 422 1974 brevibus
453 1949 635 1973 summam
673 1949 799 1974 eorum
831 1935 878 1973 ad
913 1942 952 1973 te
984 1937 1157 1982 scribere,
1190 1936 1322 1987 quibus
1354 1936 1497 1973 sincera
1532 1932 1669 1971 Christi

103 2002 234 2052 religio
263 2001 458 2045 stabilitur,
491 2006 528 2037 et
556 1999 671 2050 impia
696 2000 922 2050 papistarum
951 2000 1164 2050 superstitio
1194 2000 1403 2051 abrogatur.
1459 1999 1515 2036 Ea
1546 2004 1669 2035 autem

103 2065 400 2116 praetermittam,
424 2077 509 2115 quae
537 2064 585 2101 ad
614 2063 759 2101 civilem
784 2064 892 2114 regni
918 2064 1086 2114 politiam
1115 2064 1313 2115 pertinent,
1343 2063 1522 2113 siquidem
1549 2062 1670 2099 infini-

103 2137 182 2168 tum
212 2135 310 2166 esset
337 2129 487 2179 singula
515 2141 831 2171 commemorare;
859 2128 935 2165 imo
965 2141 1041 2165 non
1071 2129 1330 2173 necessarium,
1356 2127 1423 2164 tibi
1446 2127 1667 2178 praesertim,

104 2206 213 2244 quem
241 2193 369 2230 eadem
397 2192 524 2230 omnia
551 2191 640 2229 satis
668 2193 759 2229 seire
788 2191 878 2228 mihi
905 2205 1115 2242 persuasum
1144 2191 1274 2230 habeo.

183 2257 308 2295 Primo
345 2262 469 2295 autem
511 2268 588 2293 non
627 2255 744 2292 solum
781 2268 911 2293 omnes
947 2255 1074 2306 impiae
1116 2256 1341 2306 papistarum
1377 2256 1594 2294 traditiones
1631 2261 1669 2292 et

104 2321 327 2359 ‹reeremoniae
360 2320 550 2364 tolluntur,
581 2320 645 2357 scd
674 2332 717 2356 ea
743 2319 854 2357 etiam
879 2320 1057 2370 tyrannis,
1091 2332 1200 2371 quam
1230 2334 1326 2372 papa
1354 2321 1430 2371 ipse
1461 2321 1586 2358 multis
1610 2320 1670 2357 his

104 2384 238 2423 seculis
258 2384 297 2421 in
327 2383 482 2421 ecclesia
509 2383 681 2428 exercuit,
710 2396 855 2434 prorsus
884 2384 1102 2433 abrogatur3
1130 2390 1350 2434 cautumque
1379 2390 1446 2429 est,
1470 2391 1512 2421 ut
1540 2397 1670 2422 omnes

105 2449 207 2486 illum
242 2461 308 2498 pro
341 2448 421 2499 ipso
455 2447 671 2485 antichristo
702 2453 739 2484 et
767 2446 983 2497 perditionis
1018 2447 1106 2494 filio,
1142 2448 1186 2485 de
1220 2462 1293 2499 quo
1328 2449 1461 2486 Paulus
1497 2448 1668 2500 loquitur,

107 2515 141 2550 in
170 2519 359 2564 posterum
388 2518 605 2562 agnoscant.

186 2577 240 2615 ΙΙ.
294 2576 415 2614 Missa
446 2584 621 2627 tanquam
656 2576 862 2614 execranda
892 2577 1120 2615 abominatio
1153 2583 1189 2614 et
1224 2575 1404 2614 diabolica
1436 2590 1557 2615 coena]
1592 2579 1670 2616 Do-

106 2641 254 2679 minicae
283 2640 531 2692 prophanatio
562 2641 781 2690 abrogatur;
820 2654 862 2679 ac
893 2642 1134 2687 interdicitur,
1159 2654 1206 2679 ne
1238 2641 1320 2692 quis
1351 2641 1389 2678 in
1415 2647 1497 2679 toto
1530 2642 1670 2680 Scotiae

102 2717 221 2755 regno
251 2717 332 2742 eam
367 2705 423 2742 vel
455 2704 615 2742 celebret
647 2705 704 2741 vel
737 2705 882 2742 audiat:
919 2705 1018 2756 quod
1055 2706 1084 2743 si
1123 2705 1203 2756 quis
1237 2717 1343 2742 secus
1378 2705 1518 2751 fecerit,
1551 2707 1670 2757 prima

106 2769 184 2806 vice
212 2770 338 2806 omnia
369 2770 448 2819 ejus
477 2769 589 2812 bona,
623 2774 699 2805 tam
735 2769 899 2814 mobilia,
933 2776 973 2807 ut
1006 2769 1205 2820 appellant,
1238 2782 1347 2819 quam
1378 2769 1594 2815 immobilia,
1633 2771 1668 2806 in

110 2833 238 2871 fiscum
261 2833 480 2877 referuntur,
506 2839 544 2869 et
568 2832 638 2882 ipsi
659 2833 753 2883 legis
770 2832 966 2871 violatores
992 2833 1081 2870 dant
1102 2845 1232 2883 poenas
1255 2832 1403 2870 arbitrio
1421 2834 1670 2884 magistratus,

109 2897 145 2933 in
174 2898 279 2948 cujus
295 2897 555 2947 jurisdictione
581 2895 799 2947 deprehensi
828 2895 972 2935 fuerint.
1028 2897 1195 2935 Secunda
1221 2896 1299 2935 vice
1321 2898 1433 2936 exilio
1459 2898 1670 2944 multantur,

107 2960 217 2998 tertia
245 2961 365 3012 capite
392 2960 602 3010 puniuntur.
