1845 3233
103 132 186 180 170
641 147 862 175 EDMUNDUS
893 147 1146 174 GRINDALLUS
1551 129 1695 187 [nms'r.
1749 172 1751 174 .

650 285 952 327 EPISTOLA
993 285 1144 328 CXII.

195 450 465 482 EDMUNDUS
493 451 806 482 GRINDALLUS
833 452 902 482 AD
932 451 1192 483 HENRICUM
1222 451 1598 484 BULLINGERUM,

184 527 387 564 SALUTEM
423 526 463 563 in
499 525 679 564 Christo!
728 526 804 564 Sub
841 527 956 564 finem
994 527 1216 564 Decembris
1253 527 1369 577 elapsi
1405 526 1532 578 accepi
1568 526 1694 564 literas

102 599 197 637 tuas,
223 590 415 628 carissime
446 590 495 628 D.
527 590 761 640 Bullingere,
788 593 838 628 24
873 590 1039 641 Augusti
1072 591 1243 642 scriptas,
1275 603 1349 641 quo
1381 590 1442 627 die
1473 589 1629 627 immani
1657 595 1695 627 et

101 655 269 692 inaudita
295 654 514 692 crudelitate
539 654 714 692 trucidati
739 660 827 692 sunt
854 654 1017 692 Parisius
1046 654 1266 692 admiralius
1286 668 1373 692 cum
1398 655 1482 692 aliis
1503 654 1692 692 nobilibus

102 726 141 756 et
171 718 335 756 maxima
364 718 530 755 fidelium
562 718 816 757 multitudine.
886 718 973 756 Hos
1005 719 1115 756 nobis
1142 718 1298 768 protulit
1322 718 1462 756 fructus
1495 718 1693 768 egregium

100 783 191 821 illud
218 783 341 820 foedus
366 782 564 828 Gallicum,
593 783 639 820 de
668 796 742 834 quo
767 788 874 820 tanta
898 783 998 820 bona
1030 783 1282 833 sperabamus.
1337 783 1503 820 Fuerunt
1540 782 1692 832 quidem

104 853 216 885 antea
239 846 395 884 infames
420 860 586 897 vesperae
615 847 778 892 Sieulae3
806 847 871 885 sed
894 847 993 893 istae,
1019 853 1062 884 ut
1082 848 1136 884 ita
1161 847 1295 892 dicam,
1316 847 1514 884 matutinae
1535 845 1693 883 Gallicae

101 912 185 949 illas
209 924 320 962 quam
338 910 561 960 longissimo
586 911 782 949 intervallo
807 917 896 961 post
920 924 960 948 se
984 911 1211 962 relinquunt.
1269 910 1381 949 Videt
1399 910 1486 948 haec
1506 909 1693 947 Dominus

103 982 141 1012 et
171 975 345 1026 requiret.
401 974 515 1012 Multi
542 975 671 1012 exules
700 988 747 1012 ex
773 975 904 1013 Galliis
936 975 1151 1013 Londinum
1182 975 1411 1021 confluxere,
1438 980 1476 1012 et
1500 975 1599 1012 inter
1624 973 1695 1012 hos

100 1040 208 1077 multi
234 1039 474 1077 ecclesiarum
498 1039 675 1084 ministri,
701 1039 764 1090 qui
784 1039 875 1077 satis
898 1039 1064 1089 benigne
1084 1039 1223 1076 ibidem
1248 1038 1415 1090 hospitio
1442 1039 1692 1089 excipiuntur,

103 1110 141 1141 et
166 1104 314 1154 piorum
342 1103 592 1154 eleemosynis
621 1103 871 1141 sublevantur.

180 1168 256 1205 Res
287 1173 428 1206 nostrae
462 1174 547 1218 post
579 1168 742 1218 sopitam
773 1168 876 1205 illam
909 1169 1203 1206 controversiam
1237 1169 1284 1205 de
1312 1168 1446 1205 ritibus
1478 1168 1694 1219 aliquandiu

101 1233 207 1270 valde
247 1238 353 1269 erant
388 1232 629 1282 tranquillae3
679 1245 793 1282 quum
830 1233 869 1269 in
906 1233 1073 1270 medium
1108 1233 1352 1283 provolarunt
1387 1233 1540 1283 quidam
1576 1233 1693 1270 libelli

103 1297 194 1334 satis
230 1296 416 1341 virulenti,
455 1296 582 1334 furtim
626 1302 760 1333 contra
791 1297 894 1347 leges
936 1297 1123 1348 impressi,
1162 1297 1201 1334 in
1239 1297 1374 1347 quibus
1409 1298 1581 1335 universa
1614 1298 1692 1335 fere

101 1361 274 1399 ecclesiae
312 1367 453 1399 nostrae
492 1366 648 1398 externa
683 1361 815 1410 politia
858 1361 1158 1412 oppugnabatur.
1232 1360 1551 1412 Archiepiscopos
1591 1362 1693 1399 enim

102 1431 140 1463 et
160 1425 357 1477 episcopos
372 1438 521 1476 prorsus
536 1425 576 1462 in
595 1425 766 1462 ordinem
785 1426 977 1475 cogendos
998 1439 1078 1463 esse
1098 1431 1254 1463 censent
1270 1440 1277 1470 ;
1309 1426 1501 1465 ministros
1520 1426 1693 1464 ecclesiae

102 1504 125 1527 a
159 1491 267 1540 plebe
302 1496 451 1527 tanturn
489 1490 709 1539 eligendos;
754 1489 852 1527 inter
883 1490 1076 1527 ministros
1109 1491 1369 1541 aequalitatem
1395 1504 1475 1528 esse
1509 1490 1694 1528 constitu—

103 1555 263 1598 cndam3
312 1555 350 1591 in
384 1554 544 1603 singulis
576 1554 740 1599 urbibus,
773 1555 936 1605 oppidis,
970 1553 1158 1605 parochiis
1196 1555 1273 1593 sive
1311 1555 1433 1605 pagis,
1472 1553 1691 1604 erigendum

100 1632 182 1656 esse
216 1617 491 1661 consistorium,
526 1631 573 1654 ex
603 1624 755 1667 pastore
787 1624 825 1654 et
858 1618 1066 1655 senioribus
1098 1618 1197 1655 illius
1230 1618 1304 1655 loci
1336 1617 1596 1663 constitutum,
1627 1618 1691 1668 qui

100 1683 171 1720 soli
201 1682 247 1719 de
276 1682 450 1719 omnibus
481 1682 744 1719 ecclesiasticis
776 1682 943 1732 negotiis
967 1682 1161 1732 judicent:
1211 1682 1407 1719 ecclesiam
1436 1681 1691 1731 Anglicanam

102 1747 318 1786 christianae
343 1745 515 1783 ecclesiae
541 1746 602 1783 vix
629 1746 765 1783 faciem
790 1747 952 1796 aliquam
978 1746 1135 1790 habere;
1179 1759 1331 1796 precum
1357 1746 1694 1783 ecclesiasticarum

102 1825 182 1850 non
203 1810 337 1848 debere
359 1810 521 1860 aliquam
545 1816 686 1847 certam
710 1810 869 1848 formam
894 1810 1098 1861 praescribi,
1126 1811 1192 1847 sed
1215 1810 1254 1847 in
1281 1810 1442 1848 coetibus
1471 1810 1585 1847 sacris
1611 1810 1693 1847 uni·

104 1877 237 1926 cuique
257 1874 430 1912 ministro
454 1874 649 1919 orandum,
681 1881 791 1925 prout
822 1875 981 1925 Spiritus
1004 1874 1164 1912 Sanctus
1193 1875 1411 1913 dictaverit:
1445 1875 1694 1925 pertinacium

102 1941 333 1992 papistarum
370 1938 533 1976 infantes
570 1939 694 1988 quoad
728 1952 837 1976 usum
874 1939 1053 1989 baptismi
1089 1938 1193 1987 (utor
1229 1939 1328 1976 enim
1367 1938 1516 1976 illorum
1552 1939 1690 1989 verbis)

102 2004 318 2042 immundos
344 2016 436 2048 esse,
463 2015 534 2039 nec
559 2008 687 2039 tamen
708 2002 849 2039 ideirco
873 2016 894 2039 a
920 2002 1045 2040 divina
1062 2002 1247 2039 electione
1269 2003 1548 2040 excludendos:
1577 2003 1695 2040 multa

103 2070 177 2107 alia
204 2073 400 2119 praetereo,
431 2080 518 2117 quae
540 2080 735 2104 recensere
759 2067 872 2104 nimis
896 2066 1053 2116 longum
1079 2073 1186 2104 esset.
1243 2066 1317 2104 Sed
1340 2080 1459 2118 nuper
1480 2068 1693 2118 promulga-

103 2141 183 2171 tum
211 2133 282 2170 fuit
309 2132 474 2169 edictum
499 2131 660 2181 regium,
689 2144 763 2181 quo
789 2137 951 2175 cavetur,
977 2144 1023 2168 ne
1049 2129 1264 2181 hujusmodi
1289 2131 1405 2168 libelli
1435 2132 1571 2169 famosi
1593 2138 1695 2183 post—

102 2199 174 2236 hac
205 2196 460 2248 publicentur;
500 2196 600 2246 quod
633 2196 791 2233 istorum
823 2202 994 2250 conatus,
1025 2196 1079 2233 uti
1109 2209 1229 2246 spero,
1254 2196 1469 2234 retardabit.
1525 2196 1692 2234 Juvenes

104 2269 203 2307 sunt,
234 2260 297 2311 qui
330 2260 402 2297 ista
432 2266 624 2310 spargunt,
656 2266 694 2297 et
720 2260 858 2297 habent
891 2273 978 2297 suos
1009 2260 1287 2310 suffragatores,
1316 2260 1528 2310 praesertim
1557 2274 1605 2298 ex
1631 2261 1692 2298 his

103 2328 166 2378 qui
190 2325 298 2364 bonis
316 2324 580 2362 ecclesiasticis
600 2324 770 2361 inhiant:
801 2325 866 2362 sed
885 2330 1012 2362 tamen
1039 2324 1198 2374 gaudeo,
1223 2324 1475 2362 Humfredum
1498 2331 1537 2362 et
1560 2325 1691 2376 Samp-

103 2403 237 2431 sonum
262 2402 305 2426 ac
331 2394 476 2426 ceteros
504 2388 719 2434 nonnullos,
745 2388 806 2438 qui
836 2394 946 2426 antea
977 2388 1024 2425 de
1056 2388 1188 2425 ritibus
1217 2389 1446 2439 quaestiones
1476 2391 1692 2435 movebant,

104 2458 149 2496 ab
176 2455 247 2492 hac
273 2452 437 2490 factione
465 2465 615 2503 prorsus
643 2466 725 2490 esse
754 2453 908 2490 alienos.

182 2519 263 2557 Arx
294 2516 590 2566 Edinburgensis
618 2517 657 2554 in
689 2517 830 2561 scotia,
857 2517 902 2554 de
931 2530 1006 2568 qua
1035 2522 1148 2554 antea
1179 2513 1323 2568 scripsi,
1349 2516 1523 2567 Anglicis
1552 2518 1691 2556 nostris

104 2582 302 2623 tormentis
332 2594 399 2631 per
434 2580 570 2630 viginti
602 2581 681 2618 dies
717 2582 916 2618 continuos
950 2587 1137 2632 quassata,
1170 2582 1324 2618 tandem
1357 2584 1407 2618 28
1441 2582 1538 2619 Maii
1575 2582 1692 2632 elapsi

105 2650 151 2686 ad
178 2646 406 2684 deditionem
433 2650 564 2682 coacta
589 2651 668 2682 est:
699 2646 744 2682 de
765 2646 951 2696 primariis
975 2646 1197 2696 supplicium
1225 2651 1427 2696 sumptum.
1490 2646 1560 2683 Est
1577 2646 1695 2696 igitur

101 2714 182 2762 jam
206 2710 331 2748 Scotia
355 2709 526 2746 universa
548 2709 595 2746 ad
616 2710 722 2759 pueri
738 2710 839 2760 regis
866 2709 1120 2747 obedientiam
1144 2709 1317 2753 redacta;
1348 2722 1370 2746 a
1399 2710 1515 2747 Gallis
1540 2716 1694 2760 propter

108 2775 361 2824 disparitatem
383 2773 579 2822 religionis
605 2779 642 2809 et
665 2773 920 2810 crudelitatem
949 2786 1041 2823 erga
1067 2773 1196 2810 fideles
1217 2773 1405 2823 superiore
1431 2787 1530 2810 anno
1554 2774 1692 2811 exerci—

106 2844 186 2875 tam
209 2850 358 2887 prorsus
377 2837 520 2881 aliena3
548 2846 690 2874 nostrae
712 2850 796 2874 vero
816 2837 989 2887 Reginae,
1009 2850 1096 2887 quae
1116 2837 1232 2874 toties
1257 2837 1392 2875 Scotos
1417 2838 1456 2875 in
1481 2838 1690 2875 libertatem

105 2901 320 2945 vindicavit,
352 2900 607 2944 deditissima3
648 2901 747 2951 quod
779 2915 823 2938 ex
854 2901 1018 2940 versibus
1047 2901 1214 2947 inclusis,
1249 2901 1459 2951 Edinburgi
1491 2901 1690 2952 impressis,

107 2965 216 3004 facile
242 2964 455 3014 conspicere
482 2970 602 3014 potes.
