1845 3233
152 130 295 187 cxxv]
428 146 616 172 luc-Almus
651 146 773 172 coxus
806 147 858 172 AD
884 147 1102 175 flmmeum
1138 148 1434 176 cummanum.
1636 136 1717 176 185

156 262 268 307 Quod
295 262 332 299 in
360 262 595 300 concordiam
620 262 715 313 apud
744 275 808 299 vos
834 268 984 300 ventum
1015 264 1073 308 sit,
1102 264 1298 315 plurimum
1331 265 1449 303 laetor.
1505 264 1616 316 Apud
1648 278 1716 302 nos

155 332 361 364 nostrorum
389 326 501 364 factio
529 332 715 377 utcunque
739 326 938 364 remittitur
964 327 1160 365 formidine
1184 342 1335 379 peenae3
1365 342 1451 366 nam
1479 329 1717 379 magistratus

154 390 270 428 nostri
298 390 536 427 subolescunt
560 390 720 440 pericula
744 390 848 427 nasci
873 404 919 428 cx
944 390 1107 429 futilibus
1133 397 1170 429 et
1194 392 1384 430 inutilibus
1402 392 1715 431 innovationibus.

156 454 372 505 Eademque
410 453 602 492 formidine
640 460 880 505 compescunt
916 455 1140 505 papistarum
1176 456 1324 495 furores.
1397 456 1522 508 Atque
1560 456 1642 494 illos
1678 457 1716 494 in

156 518 288 562 Gallia,
317 518 380 568 qui
406 531 513 569 papie
537 518 711 562 militant,
743 518 872 555 ultima
897 524 1039 556 tentare
1066 519 1244 557 audimus.
1301 521 1483 558 Dominus
1507 521 1530 558 J
1535 534 1616 558 esus
1642 521 1717 559 suis

153 582 283 619 adesse
306 582 502 632 dignetur!
559 581 712 620 Utinam
740 582 964 632 dirumperet
989 583 1103 621 coelos
1131 584 1314 622 Dominus
1340 591 1377 622 et
1404 585 1653 629 descenderet,
1681 591 1719 622 et

153 659 217 684 ora
236 646 474 697 papistarum,
488 646 700 692 Turcarum,
716 645 1107 698 schismaticorumque
1122 648 1310 686 fraenaret!
1341 648 1411 687 Sed
1425 655 1576 700 peccata
1589 655 1717 687 nostra

154 724 230 748 non
256 710 391 748 sinunt.
438 711 469 749 F
470 711 548 748 axit
567 711 669 749 Deus
687 717 729 748 ut
753 711 800 748 ad
819 724 900 749 eam
918 711 1096 749 unitatem
1117 714 1350 751 connitamur
1374 727 1514 759 omnes,
1533 714 1579 752 ad
1605 727 1714 765 quam

152 782 192 812 tu
222 776 450 813 ecelesiastas
478 789 605 813 omnes
633 775 757 813 multis
785 775 985 826 solidisque
1013 776 1216 814 rationibus
1242 777 1392 828 pulchre
1419 777 1634 816 adhortaris.

234 840 287 877 Ut
314 840 384 877 fert
412 840 572 886 occasio,
605 840 723 878 saluto
752 839 882 877 fratres
912 852 1014 877 meos
1043 845 1106 877 tuo
1138 841 1299 879 nomine.
1355 841 1470 879 Mitto
1500 842 1613 880 animi
1641 843 1715 880 mei

153 904 443 941 testimoniolum
472 903 538 941 tibi
567 909 605 941 et
630 903 732 941 Julio
759 903 1120 950 communicandum,
1152 917 1284 955 meque
1313 905 1385 942 tuis
1414 906 1581 955 precibus
1613 919 1714 943 com-

153 968 299 1006 mendo.
373 968 501 1005 Servet
543 974 580 1005 te
625 968 727 1005 Deus
766 967 927 1018 optimus
970 967 1153 1006 maximus
1194 982 1278 1007 cum
1319 969 1552 1008 sanctissima
1594 976 1716 1008 vestra

149 1034 315 1071 civitate!

231 1098 287 1135 Ex
309 1097 426 1135 insula
447 1097 586 1135 Eliensi
606 1097 643 1135 in
663 1096 814 1148 Anglia‚
834 1099 883 1133 :25
903 1096 1082 1143 Januarii‚
1101 1110 1133 1134 a.
1159 1099 1270 1144 1574,
1292 1100 1399 1150 juxta
1424 1106 1587 1138 nostram
1612 1114 1714 1139 com·

152 1163 392 1214 putationem.

719 1214 790 1252 Tui
819 1214 1109 1252 studiosissimus
1137 1221 1174 1252 et
1200 1215 1310 1254 frater

886 1290 924 1328 in
953 1289 1105 1328 Christo
1132 1291 1351 1339 carissimus,

994 1366 1280 1416 RICARDUS,
1310 1369 1468 1408 Eliensis
1499 1371 1711 1422 Episcopus.

465 1443 718 1469 INSCRIPTIO.

255 1500 302 1536 D.
330 1498 495 1534 Henri‘co
515 1497 747 1544 Bullingero,
761 1495 894 1545 fratri
908 1508 989 1532 meo

307 1563 516 1605 carissimo,
549 1564 583 1597 et
615 1562 769 1598 ccclesia?
798 1561 832 1597 T
830 1563 991 1610 igurc‘nae

301 1627 453 1677 pastori
467 1625 709 1676 fidelissimo.

655 1892 951 1935 EPISTOLA
983 1892 1200 1936 CXXVI.

328 2057 570 2089 RICARDUS
602 2058 754 2090 COXUS
784 2059 851 2090 AD
879 2058 1185 2091 RODOLPHUM
1215 2056 1530 2090 GUALTERUM.

216 2133 348 2170 SALVE
367 2133 405 2171 in
421 2133 582 2172 Christo.
612 2134 778 2185 Septimo
794 2135 1029 2180 Novembris,
1043 2148 1141 2172 anno
1157 2148 1178 2172 a
1191 2134 1343 2172 Christo
1358 2139 1445 2171 nato
1465 2134 1575 2178 1574,
1592 2134 1710 2183 recepi

148 2199 272 2235 literas
291 2204 372 2235 tuas
392 2198 496 2235 datas
516 2200 564 2234 26
581 2197 758 2249 Augusti,
773 2213 872 2237 anno
891 2203 962 2237 157
967 2202 1002 2238 4.
1042 2200 1100 2238 Ex
1118 2199 1251 2250 quibus
1269 2198 1437 2248 intelligo
1456 2197 1711 2248 aequissimum

147 2269 250 2299 tuum
267 2262 448 2313 judicium
468 2261 512 2299 de
531 2261 742 2301 hominibus
760 2278 838 2302 suae
858 2265 1056 2302 sententiae
1076 2270 1113 2302 et
1126 2264 1270 2301 veritati
1290 2263 1418 2301 cedere
1436 2261 1583 2306 nesciis,
1604 2275 1672 2299 nec
1689 2276 1710 2299 a

145 2332 324 2376 concepta
365 2326 541 2377 opinione
583 2327 770 2365 discedere
807 2327 1024 2367 volentibus.
1108 2328 1319 2374 Queruntur
1356 2327 1491 2365 duriter
1526 2339 1594 2363 nos
1629 2326 1712 2363 illos

147 2397 312 2429 tractare.
369 2391 523 2428 Interim
549 2392 735 2430 acerrimis
753 2393 924 2431 convitiis
951 2393 1093 2444 publice
1112 2399 1150 2431 et
1168 2394 1263 2431 elam
1282 2406 1352 2430 nos
1378 2392 1593 2434 incessunt3
1621 2403 1710 2428 con-

147 2456 328 2501 cionibus,
350 2461 386 2492 et
406 2455 551 2507 scriptiS
570 2456 668 2506 typis
685 2458 843 2503 excusis,
867 2458 1134 2509 calumniisque
1159 2471 1229 2495 nos
1254 2456 1389 2508 passim
1410 2455 1631 2493 adoriuntur.
1676 2455 1710 2493 A

146 2519 280 2557 nostris
294 2520 460 2557 modeste
480 2520 566 2557 satis
585 2521 798 2559 refutantur.
844 2522 998 2560 Interim
1018 2523 1160 2573 optima
1173 2527 1299 2559 nostra
1317 2520 1474 2569 Regina,
1490 2520 1654 2557 veritatis
1674 2526 1712 2557 ct

146 2585 248 2635 pacis
266 2584 531 2629 amantissima,
551 2584 695 2635 legibus
713 2585 798 2624 latis
815 2577 942 2625 contra
961 2587 1044 2625 illos
1061 2587 1182 2624 venit:
1212 2585 1308 2623 unde
1333 2583 1500 2622 nonnihil
1519 2589 1709 2629 terrentur,

147 2648 396 2699 paulatimque
414 2648 634 2695 dilabuntur,
655 2650 726 2688 nisi
740 2651 838 2702 quod
857 2652 950 2689 clam
966 2650 1219 2690 contentionis
1237 2649 1331 2686 virus
1349 2647 1503 2686 subinde
1522 2656 1710 2687 evomunt.

149 2713 230 2751 Nee
260 2718 385 2750 tamen
418 2713 627 2759 diffitemur,
663 2714 735 2765 piis
766 2721 803 2753 et
832 2716 982 2753 eruditis
1014 2715 1086 2753 tuis
1119 2714 1262 2764 seriptis
1294 2726 1364 2750 nos
1397 2712 1566 2750 nonnihil
1598 2713 1708 2751 fuisse

145 2777 306 2827 adjut08‚
337 2790 545 2829 quanquam
575 2779 691 2817 nostri
722 2780 916 2818 adversarii
946 2793 1023 2818 non
1052 2779 1146 2816 tanti
1178 2778 1359 2815 momenti
1391 2790 1435 2814 ca
1467 2777 1707 2816 aestimarunt.

148 2843 264 2893 Spero
283 2842 372 2880 item
391 2843 590 2880 venerandi
612 2844 722 2889 senis,
749 2844 797 2882 D.
819 2844 975 2882 Henrici
997 2844 1213 2893 Bullingeri‚
1233 2841 1409 2886 libellum,
1430 2855 1502 2892 quo
1522 2842 1709 2879 ministros·

146 2907 381 2944 ecclesiarum
411 2907 457 2945 ad
487 2908 721 2946 concordiam
751 2909 881 2946 invitat
905 2914 1014 2959 atquc
1039 2907 1181 2952 incitat,
1205 2907 1399 2958 plurimum
1429 2906 1466 2943 in
1495 2906 1564 2944 hoc
1592 2919 1709 2957 regno

146 2971 387 3022 profuturum.
445 2971 599 3011 Utinam
625 2973 777 3024 perinde
800 2974 838 3013 in
864 2979 944 3013 tota
971 2971 1190 3012 Germania!
1247 2972 1304 3010 De
1329 2971 1643 3024 persecutionibus
1672 2971 1708 3009 in
