1845 3233
230 154 312 193 116
377 169 579 195 JOHANNES
613 169 896 194 nunniunsrus
929 170 981 194 An
1013 167 1218 193 HENRICUM
1255 166 1550 192 nonmxsmun.
1639 147 1780 204 [nris-T.

225 284 341 326 arbor,
366 284 431 319 sub
463 296 534 332 qua
559 283 658 331 jacet
685 283 741 319 vir
767 295 936 331 procerus
960 289 998 318 et
1025 281 1154 326 nudus,
1180 287 1217 318 et
1244 281 1331 318 func
1357 281 1629 331 strangulatus:
1668 292 1781 330 propt*

226 347 322 383 hunc
353 346 468 382 nudus
496 346 640 394 juvenis
669 346 794 382 multis
822 345 1012 382 confossus
1043 345 1264 382 vulneribus.
1314 344 1458 382 Deinde
1483 343 1650 394 pingitur
1674 356 1781 391 puer-

226 410 305 446 ulus
338 421 474 445 corona
501 422 610 445 aurea
632 409 835 451 redimitus,
865 408 1023 458 genibus
1052 408 1170 451 flexis,
1202 408 1373 445 manibus
1401 408 1440 445 in
1471 408 1587 445 altum
1614 406 1781 447 sublatis,

227 479 263 509 ct
292 472 375 509 haec
406 472 514 509 verba
530 470 673 522 'scripta
700 473 745 509 ab
775 473 851 522 ejus
881 485 943 509 ore
971 472 1240 521 promanantia,
1267 473 1472 515 “Domine,
1494 472 1668 509 miserere
1695 470 1782 511 mei„

227 543 260 572 et
290 536 402 585 patris
434 536 507 572 mei
533 537 754 585 sanguinem
786 535 979 572 vindica!''
1026 535 1099 573 Per
1124 535 1210 573 haec
1239 536 1480 586 designantur
1505 550 1580 580 rex,
1614 534 1784 574 famulus,

226 600 333 636 filins.
388 599 476 636 Non
505 613 656 649 possum
684 600 799 650 plura.
851 599 998 649 Urgent
1028 599 1191 650 negotia.
1243 600 1408 637 Festinat
1440 600 1602 637 tabellio.
1648 598 1784 636 Cetera

224 664 288 701 tihi
322 663 537 714 Rodolphus
565 665 769 702 Gualterus.
814 672 817 673 ’

306 729 537 778 Scripsissem
578 728 768 778 Wolphio‚
814 729 1008 771 Lavatero,
1051 728 1219 772 Simlero,
1255 728 1480 773 VVonlichio,
1521 727 1782 769 Froschovero‚

226 792 353 832 Aulio:
392 798 430 828 at
458 805 533 829 non
573 792 684 830 licet:
727 792 869 829 utinam
906 791 1057 829 liceret!
1101 791 1159 828 Illi
1195 792 1233 828 in
1265 792 1402 829 bonam
1432 797 1575 842 partem
1607 792 1784 842 interpre-

227 861 360 892 tentur.
398 855 501 892 Alias
525 856 691 892 scribam.
727 855 828 893 Vale.
866 855 991 892 Saluta
1009 855 1149 892 amicos
1173 868 1278 892 meos
1301 868 1440 893 omnes.
1485 855 1647 905 Raptim.
1687 855 1784 892 Lnd-

226 919 375 963 hamiae,
395 921 440 955 31
463 919 565 962 Julii,
588 921 699 956 1567.

950 971 1064 1015 Tuus,

1009 1051 1295 1091 JOHANNES
1324 1051 1732 1094 PARKHURSTU&

1185 1144 1187 1148 .
1694 1117 1784 1155 Nor.

486 1182 741 1207 1NSCR11‘T10.

332 1235 385 1271 Cl.
405 1237 485 1272 viro
506 1236 552 1272 D.
575 1235 742 1271 Hemico
761 1234 994 1282 Bullingero.

639 1299 784 1345 Tiguri.

720 1519 1017 1562 EPISTOLA
1059 1521 1285 1562 LXXXI.

313 1678 573 1709 HDMUNDUS
605 1680 913 1713 GRINDALLUS
942 1684 1009 1714 AI)
1040 1683 1298 1714 HENRICUM
1331 1681 1697 1713 BULLINGERL'M.

308 1753 507 1791 SALUTEM
535 1755 572 1792 in
594 1754 746 1793 Christo
768 1757 972 1795 Servatore.
1020 1758 1095 1795 Res
1120 1757 1273 1801 Scotiae,
1305 1757 1350 1795 de
1377 1757 1508 1808 quibus
1537 1756 1784 1807 superioribus

229 1817 318 1854 meis
349 1817 460 1854 literis
495 1819 645 1868 promisi
677 1833 736 1857 me
764 1822 909 1871 plenius
942 1822 1170 1872 scripturum,
1201 1821 1252 1859 sic
1287 1835 1324 1859 sc
1360 1835 1458 1858 nunc
1491 1820 1638 1858 habent.
1696 1821 1785 1858 Pro-

226 1894 326 1918 ceres
360 1882 478 1931 regni,
517 1883 647 1920 offensi
682 1885 918 1923 matrimonio
954 1886 1117 1936 Reginae
1157 1885 1296 1922 Scotiae
1335 1898 1419 1922 cum
1456 1884 1680 1921 Bothwellio
1723 1884 1787 1922 illo

226 1944 400 1995 regicida‚
425 1946 519 1983 circa
541 1947 653 1985 finem
677 1948 779 1985 Junii
800 1949 914 2000 elapsi
941 1950 1141 1987 exercitum
1161 1949 1253 1986 satis
1279 1961 1512 1986 numerosum
1544 1948 1786 1999 collegerunt.

228 2008 482 2054 Botmvellius,
508 2010 569 2061 qui
593 2012 704 2049 etiam
728 2013 864 2050 milites
890 2014 1103 2064 collegerat,
1123 2026 1235 2063 quum
1260 2027 1298 2050 se
1324 2013 1499 2063 imparem
1525 2012 1677 2058 videret,
1703 2026 1787 2050 cum

226 2080 381 2125 quatuor
407 2080 471 2111 aut
499 2075 657 2126 quinque
681 2078 834 2115 navibus
857 2077 956 2128 fugit
978 2079 1025 2116 ad
1050 2077 1239 2116 Orchades
1269 2078 1417 2116 insulas.
1474 2077 1624 2128 Regina
1647 2077 1787 2115 dedidit

228 2151 267 2175 se
296 2138 373 2174 suis
397 2139 618 2188 proceribus,
647 2141 709 2190 qui
737 2141 837 2179 illam
862 2142 907 2179 ad
937 2155 1058 2180 arcem
1085 2142 1269 2192 quandam
1295 2141 1581 2180 munitissimam
1604 2142 1643 2178 in
1667 2141 1788 2179 medio

226 2202 307 2239 lacu
339 2202 419 2253 (qui
449 2203 606 2240 Levinus
639 2204 789 2256 dicitur)
821 2206 942 2252 sitam,
976 2206 1038 2244 ubi
1067 2205 1186 2244 adhuc
1215 2206 1432 2252 custoditur,
1466 2205 1671 2243 deduxere:
1704 2212 1787 2256 post

230 2267 369 2316 aliquot
400 2267 475 2303 dies
513 2267 658 2317 Regina
695 2269 838 2307 solenni
874 2270 1023 2320 publico
1059 2270 1307 2308 instrumento
1340 2271 1562 2321 dignitatem
1596 2283 1699 2307 suam
1733 2284 1788 2307 re-

229 2330 328 2380 giam
354 2330 509 2381 principi
535 2331 611 2368 filio
632 2333 844 2383 resignavit.
893 2334 1003 2372 Circa
1022 2334 1134 2372 finem
1162 2334 1253 2371 Julii
1283 2334 1469 2385 sequentis
1492 2334 1661 2385 princeps
1687 2347 1788 2372 coro-

227 2399 335 2430 natus
362 2399 418 2430 est
447 2394 528 2430 Rex
557 2395 719 2432 Scotiae:
749 2410 826 2434 non
857 2398 975 2435 multo
1004 2404 1089 2448 post
1116 2397 1264 2436 habitus
1298 2404 1355 2435 est
1382 2404 1583 2435 conventus
1613 2404 1787 2440 statuum,

230 2459 267 2494 'm
296 2470 367 2507 quo
393 2457 478 2495 haec
506 2459 665 2509 quinque
695 2467 779 2497 sunt
812 2461 985 2500 decreta:
1031 2463 1062 2500 I.
1101 2463 1148 2500 D.
1174 2462 1357 2500 Jacobum
1388 2463 1611 2507 Steuartum,
1632 2462 1786 2500 Murrius.

230 2534 294 2557 seu
327 2519 507 2557 Moraviae
536 2523 723 2568 comitem,
754 2525 799 2561 de
829 2526 932 2575 cujus
959 2526 1099 2577 pietate
1125 2527 1234 2564 credo
1263 2540 1322 2565 me
1349 2526 1506 2564 antehac
1537 2526 1585 2563 ad
1613 2532 1649 2564 te
1676 2527 1788 2578 scrip-

230 2584 333 2627 sisso,
361 2584 477 2634 Regis
512 2592 549 2622 et
577 2587 682 2637 regni
716 2588 998 2638 gubernatorem
1027 2591 1267 2628 declararunt.
1336 2591 1389 2629 II.
1428 2590 1567 2628 Omnia
1595 2590 1788 2641 papisticu-

230 2647 418 2695 rcligionis
445 2650 618 2687 exercitia
647 2652 714 2689 sub
747 2653 848 2702 gravi
881 2666 993 2703 poena
1022 2654 1301 2693 interdixerunt.
1359 2655 1435 2693 III.
1475 2655 1703 2696 Universalis
1728 2668 1787 2692 ee·

231 2709 421 2747 elesiarum
456 2713 668 2752 reformatio
696 2716 878 2753 instituta.
936 2717 1002 2755 IV.
1047 2719 1304 2757 Ministrorum
1342 2719 1525 2770 stipendia
1556 2718 1786 2756 constabilita

232 2778 315 2810 sunt
339 2778 446 2823 atque
472 2781 588 2813 aucta.
643 2779 689 2816 V.
717 2779 912 2817 Postremo
944 2783 1058 2819 caedis
1081 2783 1197 2833 regize
1226 2789 1393 2822 auctores
1415 2789 1453 2820 et
1477 2783 1667 2820 ministros
1699 2795 1786 2819 con-

230 2836 423 2886 quirendos
459 2844 496 2874 et
525 2841 709 2890 suppliciis
738 2843 952 2881 afficiendos
982 2845 1059 2882 fore
1090 2846 1338 2884 decreverunt.
1395 2846 1543 2896 Regina
1571 2844 1690 2882 adhuc
1721 2846 1786 2882 sub

232 2899 435 2937 arctissima
464 2904 629 2941 custodia
664 2914 878 2951 asservatur,
910 2914 947 2945 et
979 2916 1065 2946 sunt
1095 2911 1157 2961 qui
1185 2916 1317 2961 putant
1344 2923 1425 2947 eam
1455 2909 1660 2946 custodiam
1688 2909 1786 2946 futu-

229 2976 306 3001 ram
337 2970 562 3014 perpetuam.
620 2968 731 3007 Fama
761 2977 827 3016 est,
857 2971 895 3009 in
927 2973 1069 3010 scriniis
1096 2974 1307 3012 Bothwellii
1330 2974 1498 3011 inventas
1527 2973 1640 3011 fuisse
1665 2973 1786 3011 literas
