1845 3233
124 163 240 221 xc11.]
390 178 556 206 JAcomrs
588 179 763 207 LETHEUS
796 180 848 206 An
879 179 1090 206 IIENRICUM
1123 180 1422 210 BULLINGERUM.
1613 167 1694 208 135

125 294 419 341 municaturum;
450 296 545 335 scito
569 309 665 342 eum,
692 309 764 347 quo
793 296 915 333 minus
937 296 1109 347 promissi
1130 309 1264 334 munus
1290 296 1503 343 confecerit,
1532 310 1694 349 praepro-

123 373 210 410 pero
237 358 324 397 hinc
354 372 421 397 suo
444 360 608 399 discessu
630 361 741 398 fuisse
767 361 999 412 impeditum.
1055 361 1154 399 Nam
1185 375 1269 399 cum
1295 363 1444 399 Geneva
1469 361 1693 413 Lugdunum

125 430 211 461 ante
238 429 313 462 tres
340 437 487 462 menses
517 431 615 463 esset
643 425 842 476 profectus,
872 426 1088 463 necessariis
1116 426 1333 477 quibusdam
1371 427 1448 463 suis
1481 426 1696 478 occupatio-

123 489 234 527 nibus
262 489 452 540 impulsus,
484 489 577 527 nihil
611 490 759 527 interim
786 489 909 527 minus
945 503 1054 540 quam
1083 490 1128 527 de
1160 503 1235 528 non
1262 491 1480 528 revertendo
1510 491 1696 541 cogitans,

123 554 231 591 ecce!
264 566 308 591 ea
337 566 407 591 nec
435 554 587 604 opinata
616 554 690 592 illic
716 554 873 605 accepit,
899 567 985 606 quae
1017 554 1121 592 omni
1151 561 1322 607 exempta
1349 568 1455 593 mora
1483 555 1564 606 ejus
1591 561 1694 593 recta

123 617 163 655 in
187 617 366 668 Angliam
390 618 659 668 profectionem
682 618 930 669 postulabant.
987 617 1131 656 Verum
1157 633 1242 657 cum
1262 620 1342 670 jam
1373 619 1519 666 Caleto,
1548 619 1695 670 magnis

123 682 313 720 itineribus
342 684 583 729 contendens,
616 696 729 735 prope
760 684 1027 730 admoveretur,
1056 697 1125 721 nec
1154 684 1201 721 ad
1230 697 1413 722 summum
1442 698 1464 721 a
1484 690 1595 735 portu
1620 697 1696 722 me-

124 747 227 784 dium
255 747 328 785 dici
355 748 426 786 iter
452 749 615 793 abesset;
646 754 853 799 opportune
881 762 968 787 sane
997 748 1275 786 ornatissimum
1302 750 1433 795 virum,
1461 750 1566 801 quasi
1594 749 1697 787 coeli-

125 816 184 849 tus
227 811 427 862 objectum,
466 811 598 850 habuit
634 812 783 850 obvium
816 812 854 850 in
894 813 952 850 via
993 813 1043 850 D.
1081 813 1318 850 Franciscum
1353 813 1694 863 lValsinghamum,

127 882 330 926 cognatum
360 889 464 914 suum
503 890 731 927 germanum,
769 876 832 928 qui
869 882 907 914 et
942 882 1021 914 tum
1054 891 1076 914 a
1107 877 1337 915 serenissima
1367 883 1496 916 nostra
1532 878 1697 929 principe

127 940 347 979 Elizabetha
379 941 423 978 ad
459 940 637 979 Carolum
668 954 809 992 regem,
840 954 976 979 novam
1007 955 1137 992 pacem
1170 942 1379 992 gratulandi
1408 956 1531 989 causa,
1565 942 1698 979 missus

126 1011 184 1043 est
217 1006 374 1056 legatus,
415 1011 452 1043 et
484 1020 583 1043 nunc
618 1006 722 1043 datus
759 1006 806 1043 D.
844 1006 1014 1044 Norrisio
1051 1019 1253 1053 successor,
1296 1008 1476 1045 continua
1509 1006 1697 1057 legatione

126 1071 226 1121 apud
255 1070 381 1108 Gallos
409 1070 588 1121 fungitur.
644 1069 705 1108 Ab
733 1084 778 1108 co
806 1084 926 1108 rerum
950 1071 1117 1108 omnium
1140 1077 1277 1108 statum
1306 1071 1407 1109 domi
1434 1071 1596 1122 forisque
1622 1085 1699 1109 me-

125 1136 196 1173 lius
223 1135 387 1180 edoctus,
414 1141 524 1186 atque
550 1135 603 1172 ita
631 1135 779 1185 magnis
806 1135 920 1173 animi
944 1136 1126 1186 angustiis
1155 1142 1193 1173 et
1215 1136 1393 1173 molestiis
1420 1136 1607 1182 liberatus,
1627 1150 1700 1174 una

125 1213 209 1238 eum
242 1200 305 1237 illo
337 1198 522 1237 Lutetiam
556 1199 778 1237 Parisiorum
811 1213 975 1238 reversus
1014 1206 1083 1246 est,
1121 1200 1183 1238 ubi
1217 1201 1313 1251 apud
1343 1201 1499 1238 eundem
1533 1201 1699 1251 ejusdem

128 1265 271 1303 {edibus
308 1263 481 1314 hyemem
512 1263 678 1316 (favente
705 1263 808 1315 Deo)
843 1265 977 1302 ducere
1009 1264 1214 1302 constituit.
1278 1265 1429 1302 Lutetia
1458 1265 1570 1315 igitur
1595 1279 1701 1317 supe-

125 1329 282 1367 rioribus
310 1329 412 1367 hisce
442 1329 572 1367 diebus
600 1329 645 1366 ad
674 1342 734 1366 me
765 1328 904 1374 scribit,
939 1329 1035 1366 inter
1066 1335 1189 1367 cetera
1215 1329 1410 1375 mandans,
1438 1335 1480 1366 ut
1510 1343 1594 1367 cum
1628 1330 1701 1381 pri-

129 1407 229 1431 mum
258 1394 453 1432 commode
481 1406 641 1445 possem,
672 1393 873 1431 liberandae
897 1406 978 1431 suae
1004 1393 1091 1430 fidei
1121 1407 1231 1431 causa
1258 1393 1342 1431 haec
1362 1394 1429 1431 tibi
1453 1394 1701 1444 significarem

124 1471 190 1510 per
225 1458 350 1495 literas
392 1471 458 1495 suo
501 1457 676 1502 nomine;
725 1457 906 1508 simulque
947 1469 1026 1494 suae
1067 1457 1106 1494 in
1147 1464 1184 1495 te
1228 1458 1502 1496 benevolentiae
1544 1472 1700 1496 summae

128 1536 310 1561 summam
344 1523 591 1560 constantiam
625 1522 861 1567 declararem,
894 1535 934 1559 re
965 1522 1087 1573 magis
1116 1536 1226 1573 quam
1255 1523 1375 1561 verbis
1399 1523 1446 1560 ad
1481 1523 1609 1561 omnia
1640 1529 1704 1561 tua

128 1600 248 1632 causa,
282 1585 314 1624 si
346 1586 434 1637 quid
470 1587 619 1638 poterit,
655 1586 686 1623 si
722 1587 808 1637 quid
840 1586 951 1632 voles,
984 1592 1150 1638 paratam
1196 1587 1234 1624 in
1267 1587 1397 1638 primis
1428 1600 1526 1633 vero,
1559 1594 1600 1625 ut
1635 1602 1701 1639 pro

128 1652 294 1690 maxima
322 1650 384 1689 illa
411 1657 486 1697 tua,
515 1665 589 1703 qua
613 1664 702 1701 erga
726 1650 831 1688 illum
856 1664 943 1689 usus
969 1664 1008 1688 es
1035 1651 1280 1695 humanitate,
1305 1664 1423 1701 pares,
1452 1651 1491 1689 id
1511 1657 1568 1689 est
1589 1653 1705 1690 maxi-

127 1729 220 1761 mas,
257 1715 326 1753 tibi
363 1716 499 1766 gratias
536 1729 698 1767 agerem.
767 1715 817 1753 Et
849 1716 1036 1762 adscribit,
1073 1721 1115 1754 ut
1150 1716 1182 1754 si
1220 1730 1292 1767 qua
1326 1717 1364 1753 in
1400 1729 1439 1754 re
1475 1729 1560 1753 mea
1594 1730 1704 1768 opera

132 1780 214 1834 (qui
241 1780 280 1817 in
309 1779 469 1830 collegio
505 1780 716 1818 Genevensi
751 1781 850 1832 apud
887 1781 935 1819 D.
966 1781 1132 1827 Portum,
1162 1782 1377 1819 Graecarum
1405 1781 1590 1819 literarum
1618 1796 1704 1833 pro-

129 1847 319 1889 fessorem,
351 1842 541 1896 demoror)
573 1845 640 1882 tibi
665 1844 749 1882 usui
777 1858 858 1883 esse
884 1851 1007 1896 queat,
1041 1851 1198 1884 eamet
1225 1845 1341 1883 literis
1370 1845 1438 1883 tibi
1468 1845 1633 1892 offeram,
1667 1853 1705 1885 et

130 1912 175 1949 de
208 1910 488 1961 quibuscunque
520 1909 595 1947 tuis
625 1910 801 1960 negotiis,
835 1923 920 1961 quae
955 1910 1047 1947 mihi
1080 1910 1287 1948 accuranda
1318 1910 1474 1956 dederis,
1504 1924 1630 1961 parem
1662 1925 1704 1949 ac

129 1977 174 2014 de
205 1974 280 2013 suis
313 1973 582 2024 cogitationem
611 1987 809 2025 curamque
839 1975 1051 2026 suscipiam.
1107 1975 1192 2026 Ego
1221 1988 1308 2013 vero
1337 1974 1446 2019 facio,
1478 1988 1521 2012 ac
1550 1975 1702 2013 lubens:

129 2053 206 2079 non
233 2039 353 2076 solum
381 2038 523 2075 domini
542 2037 628 2083 mei,
658 2039 716 2076 cui
740 2039 870 2085 debeo,
900 2052 1021 2085 causa,
1051 2052 1161 2090 quem
1187 2039 1240 2077 ita
1266 2039 1360 2076 velle
1387 2039 1518 2083 video;
1549 2040 1615 2077 sed
1642 2045 1707 2076 tua

132 2106 245 2144 etiam
271 2104 389 2155 ipsius
420 2103 551 2153 gratia,
586 2116 696 2153 quem
721 2103 769 2140 ob
798 2103 964 2154 insignes
996 2104 1077 2141 illas
1110 2103 1183 2141 Dei
1206 2103 1313 2141 dotes
1345 2109 1383 2141 et
1414 2103 1571 2140 illustria
1598 2116 1705 2141 orna-

133 2175 271 2214 menta,
309 2168 442 2219 quibus
474 2167 577 2218 quasi
610 2167 715 2205 stella
746 2168 919 2218 quaedam
955 2168 1087 2219 primae
1121 2167 1390 2218 magnitudinis
1424 2167 1485 2220 (ut
1516 2166 1704 2220 α’στρονο-

133 2237 238 2284 μικῶς
275 2234 421 2284 loquar)
463 2232 632 2283 splendes
675 2232 712 2269 in
757 2233 913 2270 ecelesia
958 2232 1044 2278 Dei,
1088 2238 1126 2270 te
1168 2245 1322 2270 veneror
1362 2237 1400 2269 et
1446 2232 1539 2270 colo.
1610 2232 1706 2271 Jube

136 2301 263 2351 igitur,
298 2298 442 2344 manda,
480 2298 642 2348 impera;
690 2297 856 2335 invenies
889 2297 927 2334 in
960 2310 1018 2334 me
1054 2297 1101 2334 ad
1132 2302 1263 2334 nutum
1295 2297 1443 2334 omnia:
1482 2310 1568 2348 quac
1605 2297 1636 2334 si
1667 2304 1707 2336 ut

135 2364 305 2409 efficiam,
337 2362 544 2414 prudentia,
579 2362 769 2407 industria,
804 2374 915 2412 opera
948 2361 1126 2412 consequi
1160 2375 1238 2399 non
1271 2366 1426 2412 poter0;
1473 2361 1545 2398 illis
1579 2366 1705 2400 tamen

136 2427 358 2483 przestandis
377 2426 512 2472 officio,
539 2426 746 2477 diligentia,
770 2425 841 2463 fide
860 2439 936 2464 non
956 2426 1077 2463 deero.
1133 2426 1238 2464 Nihil
1256 2426 1369 2476 igitur
1386 2426 1466 2476 jam
1490 2431 1615 2472 restat,
1635 2427 1707 2465 nisi

140 2500 182 2532 ut
210 2492 299 2544 quid
328 2491 416 2529 velis
443 2496 671 2543 exspectem,
693 2495 909 2542 exspectato
937 2490 1171 2537 satisfaciam,
1197 2490 1346 2528 tametsi
1371 2489 1526 2528 fortasse
1548 2504 1622 2529 non
1642 2505 1706 2529 ex-

140 2555 372 2609 spectationi.

216 2621 288 2659 Sed
314 2633 409 2672 pene
434 2619 570 2657 oblitas
599 2632 698 2657 eram
725 2625 763 2657 te
792 2620 932 2658 domini
960 2620 1034 2657 mei
1065 2619 1217 2657 nomine
1243 2620 1416 2666 salutare,
1443 2620 1544 2671 quod
1575 2620 1706 2672 utique

134 2689 316 2739 jusserat;
355 2685 419 2722 sed
455 2684 607 2722 modum
639 2697 715 2722 non
748 2685 866 2722 audeo
900 2684 1093 2734 subjicere.
1159 2684 1257 2722 Nam
1288 2685 1331 2730 si,
1368 2689 1406 2722 te
1437 2690 1478 2722 ut
1512 2685 1708 2736 diligenter

138 2753 349 2795 salutarem,
369 2749 525 2800 jussisse
551 2749 722 2794 dicerem,
748 2749 836 2786 illud
861 2750 1062 2797 diligenter
1080 2747 1171 2786 mihi
1196 2748 1454 2799 praejudicium
1473 2763 1602 2800 parere
1621 2763 1706 2801 pos-

142 2815 202 2859 sit,
242 2820 373 2865 utpote
410 2813 454 2851 de
491 2814 594 2864 cujus
629 2814 668 2850 in
701 2814 809 2851 rebus
845 2813 905 2851 hic
942 2814 1016 2851 tuis
1053 2813 1225 2863 gerendis
1263 2813 1456 2864 diligentia
1482 2814 1521 2851 in
1558 2814 1708 2852 dubium

142 2879 211 2917 tibi
235 2879 359 2917 venire
389 2891 534 2930 queam,
560 2878 622 2929 qui
644 2890 704 2915 me
730 2883 808 2916 tam
836 2878 1093 2929 negligentem
1123 2877 1301 2929 gesserim
1326 2878 1363 2915 in
1387 2883 1426 2915 te
1455 2879 1571 2916 salute
1596 2879 1708 2916 modo

144 2944 402 2995 impertienda,
423 2956 518 2989 eam,
543 2955 629 2994 quae
656 2943 777 2994 primo
805 2956 949 2994 quoque
978 2949 1144 2994 tempore
1167 2943 1247 2981 fieri
1275 2943 1481 2994 oportebat,
1507 2943 1545 2980 in
1570 2943 1707 2981 calcem

145 3008 315 3060 epistolae
336 3008 550 3059 rejiciendo.
609 3008 711 3054 Quid
739 3007 840 3059 quod
867 3007 980 3047 etiam
1007 3007 1101 3047 mihi
1126 3007 1303 3058 majorem
1330 3007 1368 3047 in
1396 3007 1547 3047 modum
1573 3020 1708 3058 rogan-
