1845 3233
128 134 181 175 60
700 137 904 164 JOIIANNES
937 135 1107 161 JUELLUS
1554 121 1695 178 [EPIST.

124 260 335 313 :apologiam
363 258 408 294 de
435 260 576 292 mutata
597 253 778 303 religione
804 258 841 289 et
865 250 1092 289 discessione
1112 249 1158 286 ab
1185 249 1342 287 ecclesia
1365 249 1545 288 Romana.
1598 251 1696 289 Eum

123 340 195 375 ego
224 325 363 366 librum,
393 320 461 357 etsi
496 319 631 367 dignus
662 330 736 354 non
771 322 827 352 est
859 315 921 365 qui
954 314 1123 351 mittatur
1151 318 1229 350 tam
1257 315 1398 364 procul,
1428 320 1555 352 tamen
1585 315 1630 352 ad
1658 321 1698 352 te

124 375 244 427 mitto.
301 386 369 423 Est
394 383 520 420 multis
544 382 579 418 in
601 381 692 418 locis
717 380 882 424 vitiosus,
909 378 1032 429 qualia
1057 382 1144 414 sunt
1167 390 1211 414 ea
1236 377 1313 415 fere
1332 379 1473 424 omnia,
1495 391 1580 430 quae
1599 378 1697 429 apud

124 467 194 492 nos
219 449 470 491 excuduntur3
504 451 610 483 tanta
638 450 694 482 est
722 442 1040 494 typographorum
1069 447 1282 478 nostrorum
1310 443 1557 493 negligentia.

203 514 348 563 Regina
382 516 509 548 nostra
543 522 691 560 prorsus
726 507 901 551 decrevit,
935 506 1036 543 nolle
1070 505 1219 542 mittere
1254 506 1302 543 ad
1335 507 1557 545 concilium:
1597 508 1696 559 quod

125 595 171 618 :m
197 578 306 616 ullum
337 581 398 612 aut
425 574 569 625 uspiam
592 573 653 618 sit,
679 585 747 610 nos
774 571 973 608 nescimus.
1033 569 1145 606 Certe
1169 569 1199 606 si
1226 570 1370 621 uspiam
1396 578 1460 608 aut
1485 572 1599 609 ullum
1624 577 1695 616 est,

123 653 360 695 perarcanum
389 644 427 676 et
448 638 554 675 valde
582 637 777 674 obscurum
804 640 871 672 est.
928 633 1010 672 Nos
1035 646 1134 671 nunc
1162 634 1373 683 cogitamus
1394 636 1581 686 publicare
1611 649 1698 673 cau-

121 721 192 751 sas,
221 705 351 755 quibus
377 702 516 739 inducti
546 701 592 737 ad
621 700 817 737 concilium
844 712 920 735 non
944 697 1148 735 veniamus.
1203 698 1289 748 Ego
1317 699 1465 750 quidem
1491 700 1543 737 sic
1571 706 1696 738 statuo

125 777 161 807 et
199 768 330 812 sentio,
363 766 442 803 istis
473 763 800 815 congressionibus
829 769 867 799 et
894 761 1088 812 colloquiis
1122 761 1217 799 nihil
1246 776 1355 813 posse
1383 765 1592 815 promoveri
1624 765 1696 803 hoc

130 841 306 883 tempore,
328 844 396 868 nce
416 830 536 867 Deum
561 828 653 865 velle
677 827 730 864 uti
756 827 837 864 istis
860 826 993 863 mediis
1020 826 1066 862 ad
1092 827 1370 877 propagandum
1393 829 1639 878 evangelium.

202 896 349 946 Regina
379 900 518 939 nostra,
550 905 692 942 magno
723 896 849 928 nostro
887 903 970 927 cum
1012 890 1152 935 dolore,
1192 891 1350 942 innupta
1385 899 1533 938 manet3
1574 906 1696 944 neque

124 961 241 998 adhue
270 959 355 1010 quid
382 958 471 995 velit
495 957 577 995 sciri
607 961 756 1007 potest:
786 955 948 998 tametsi,
979 967 1053 1004 quo
1082 955 1310 1004 suspiciones
1335 963 1476 994 nostrie
1500 957 1694 1003 inclinent,

125 1025 214 1062 satis
244 1029 281 1060 te
311 1022 528 1073 jamdudum
567 1020 660 1058 scire
689 1019 855 1057 arbitror.
930 1019 1083 1063 Suecus,
1120 1019 1314 1057 diuturnus
1350 1033 1485 1070 procus
1524 1027 1561 1058 et
1589 1021 1694 1058 valde

123 1089 302 1132 assiduus,
335 1099 452 1136 nuper
479 1084 679 1122 admodum
707 1083 879 1120 dimissus
910 1089 977 1120 est.
1035 1083 1116 1127 Ille,
1150 1089 1304 1134 accepta
1333 1085 1491 1134 repulsa,
1519 1087 1694 1130 minatur,

125 1158 299 1203 quantum
330 1150 452 1195 audio,
481 1149 519 1186 in
549 1149 739 1192 Scotiam;
771 1154 824 1194 ut,
852 1161 937 1185 cum
968 1147 1065 1198 apud
1093 1160 1163 1184 nos
1191 1146 1334 1185 haerere
1361 1162 1437 1186 non
1464 1150 1595 1200 possit,
1625 1149 1699 1187 sal«

124 1225 198 1254 tem
227 1215 344 1266 possit
371 1215 408 1251 in
432 1214 579 1252 vicinia.

203 1281 271 1317 Est
290 1279 421 1316 mulier
445 1278 616 1329 quaedam
637 1277 783 1322 nobilis,
806 1277 958 1314 domina.
985 1277 1214 1326 Margareta‚
1236 1276 1360 1327 neptis
1381 1277 1538 1314 Henrici
1560 1278 1694 1324 octavi,

125 1345 255 1382 mulier
273 1356 382 1394 supra
399 1342 549 1380 modum
570 1342 714 1379 infensa
738 1341 925 1391 religioni,
946 1354 1054 1391 supra
1072 1341 1184 1378 etiam
1202 1341 1341 1378 rabiem
1363 1341 1585 1379 Marianam.
1632 1341 1695 1380 Ad

127 1408 206 1458 ejus
234 1407 362 1451 filium,
390 1407 563 1457 juvenem
594 1406 674 1456 plus
702 1406 825 1443 minus
853 1405 1060 1443 octodecim
1089 1418 1206 1442 annos
1233 1410 1375 1451 natum,
1402 1418 1549 1443 summa
1574 1418 1695 1443 rerum

121 1472 308 1522 judicatur
325 1476 502 1521 spectare,
516 1471 545 1507 si
566 1470 653 1520 quid
667 1469 911 1515 Elizabethze,
926 1469 1025 1520 quod
1039 1469 1210 1513 nolimus,
1231 1469 1406 1520 quodque
1422 1470 1525 1507 Deus
1542 1476 1695 1515 avertat,

126 1536 278 1573 accidat.
335 1535 426 1584 Ejus
458 1534 619 1571 mulieris
647 1534 812 1579 maritus,
845 1534 1049 1571 Leonesius
1078 1533 1222 1579 Scotus,
1251 1533 1428 1584 proximis
1454 1534 1537 1571 istis
1566 1534 1695 1571 diebus

127 1600 317 1649 conjectus
349 1605 404 1636 est
431 1599 468 1636 in
495 1599 636 1636 turrim.
692 1598 827 1636 Filium
858 1599 962 1635 aiunt
987 1598 1045 1635 vel
1075 1598 1289 1647 ablegatum
1320 1610 1402 1634 esse
1429 1611 1451 1635 a
1478 1604 1608 1644 matre,
1636 1598 1696 1636 vel

125 1663 333 1714 profugisse
353 1663 389 1699 in
409 1663 583 1699 Scotiani.
634 1663 690 1699 De
711 1676 768 1708 eo,
790 1668 831 1699 ut
850 1663 943 1700 solet
962 1662 1054 1707 fieri,
1075 1675 1196 1699 sermo
1218 1667 1275 1698 est
1292 1662 1499 1712 multiplex.
1547 1663 1697 1713 Regina

127 1727 279 1771 Scotiae,
300 1733 342 1763 ut
360 1726 445 1772 scis,
464 1727 618 1777 innupta
637 1733 714 1763 est:
744 1733 867 1777 potest
892 1727 989 1764 inter
1006 1726 1091 1763 illos
1111 1725 1308 1763 convenire
1327 1726 1464 1776 aliquid
1482 1727 1527 1764 de
1545 1728 1694 1777 nuptiis.

127 1791 313 1842 Quicquid
342 1796 410 1835 est,
439 1791 610 1828 credibile
638 1797 705 1835 est,
739 1792 904 1843 papistas
931 1791 1070 1842 aliquid
1099 1791 1240 1828 moliri:
1271 1796 1420 1841 sperant
1448 1791 1548 1828 enim
1576 1791 1695 1830 adhuc

126 1856 253 1894 nescio
279 1855 377 1905 quid,
396 1869 471 1893 non
498 1855 617 1892 minus
645 1869 754 1906 quam
777 1856 901 1893 Judaei
928 1855 1108 1893 Messian]
1136 1868 1259 1892 suum.
1316 1855 1482 1893 Nuntius
1509 1856 1697 1906 pontificis

127 1921 243 1957 haeret
262 1919 380 1956 adhuc
400 1919 438 1956 in
459 1919 652 1957 Flandria:
682 1921 847 1958 nondum
871 1920 971 1958 enim
990 1920 1187 1970 impetrare
1211 1926 1337 1971 potest
1360 1920 1471 1958 fidem
1498 1921 1695 1970 publicam,

128 1991 167 2021 ut
192 1990 273 2020 tuto
296 1983 420 2020 veniat
444 1983 481 2019 in
508 1983 696 2034 Angliain.
743 1985 951 2036 Episcopus
975 1984 1196 2035 Aquilanus,
1222 1985 1366 2035 legatus
1391 1984 1567 2036 Philippi,
1597 1990 1696 2022 astu—

125 2057 184 2086 tus
203 2054 241 2085 et
255 2047 407 2085 callidus
423 2053 619 2091 veterator,
641 2054 678 2085 et
696 2048 815 2086 factus
835 2049 881 2086 ad
901 2049 1069 2093 insidias,
1090 2048 1239 2099 satagit,
1262 2055 1442 2099 quantum
1457 2054 1596 2099 potest,
1615 2049 1696 2099 ejus

126 2125 258 2155 (¹ausa;
289 2111 432 2155 saltem,
450 2117 490 2147 ut
518 2112 711 2157 audiatur3
741 2126 788 2149 ne
816 2119 893 2150 tam
926 2113 1054 2164 procul
1087 2112 1222 2150 frustra
1248 2113 1412 2151 venerit:
1444 2120 1567 2164 sperat
1596 2113 1694 2150 enim

125 2190 200 2213 uno
228 2175 412 2225 colloquio
440 2175 591 2225 aliquid,
619 2177 746 2214 nescio
773 2177 873 2227 quid,
903 2191 1014 2227 posse
1042 2177 1131 2215 fieri.

204 2240 272 2277 Est
304 2239 427 2289 puella
462 2240 632 2289 quiedam
668 2241 817 2285 nobilis,
854 2242 1005 2279 domina
1043 2240 1260 2285 Catherina,
1301 2241 1405 2279 ducis
1441 2240 1694 2279 Suffolciensis

125 2304 211 2345 filia,
241 2317 287 2340 ex
317 2303 495 2352 sanguine
525 2304 641 2353 regio,
671 2317 789 2354 eoque
810 2306 1033 2342 nominatim
1058 2306 1194 2356 scripta
1219 2306 1265 2343 ab
1297 2305 1466 2344 Henrico
1494 2311 1626 2343 octavo
1654 2305 1693 2342 in

125 2372 358 2411 testamento,
385 2374 425 2403 ut
452 2367 483 2403 si
509 2367 596 2417 quid
623 2368 833 2414 accidisset,
861 2376 990 2420 quarto
1012 2370 1096 2407 loco
1126 2370 1352 2408 succederet.
1414 2370 1473 2407 Ex
1497 2382 1540 2406 ea
1568 2382 1694 2407 comes

130 2431 417 2473 Hortor-diensis,
442 2431 599 2480 juveni&
622 2432 725 2470 ducis
744 2433 1035 2471 Somersetensis
1054 2434 1164 2479 filius,
1191 2435 1352 2485 suscepit
1375 2434 1503 2479 filium,
1523 2439 1565 2470 ut
1586 2433 1694 2470 multi

127 2500 268 2545 putant,
288 2508 331 2530 ex
355 2501 492 2544 stupro,
521 2496 585 2532 sed
612 2502 652 2532 ut
676 2496 746 2546 ipsi
773 2497 913 2538 dicunt,
938 2512 984 2535 ex
1009 2498 1190 2548 legitimis
1213 2499 1374 2549 nuptiis:
1404 2512 1443 2536 sc
1470 2498 1568 2535 enim
1598 2498 1692 2535 clam

126 2559 221 2594 inter
249 2571 287 2593 se
319 2559 556 2603 contraxisse,
591 2565 628 2596 et
657 2560 840 2598 advocato
871 2562 1091 2607 sacrificulo,
1120 2569 1158 2599 et
1190 2563 1317 2613 paucis
1351 2563 1567 2613 quibusdam
1599 2563 1693 2599 arbi—

127 2622 204 2665 tris,
228 2621 393 2669 junxisse
419 2623 578 2672 nuptias.
634 2624 690 2660 Ea
718 2637 776 2661 res
804 2626 964 2663 turbavit
992 2627 1137 2664 animos
1165 2627 1388 2664 multorum:
1425 2639 1513 2664 nam
1546 2626 1576 2663 si
1609 2632 1694 2664 sunt

128 2695 222 2720 verae.
243 2684 396 2733 nuptiae,
422 2698 521 2733 puer,
547 2687 605 2736 qui
632 2694 825 2738 susceptus
851 2695 919 2734 est,
940 2690 1047 2727 alitur
1066 2691 1113 2727 ad
1133 2704 1235 2741 spem
1261 2691 1380 2741 regni.
1428 2690 1461 2728 O
1488 2703 1558 2728 nos
1585 2691 1692 2727 mise-

127 2761 200 2791 ros,
221 2747 280 2797 qui
300 2760 373 2783 non
392 2761 586 2796 possumus
607 2751 714 2796 scire,
745 2753 810 2788 sub
839 2767 912 2803 quo
937 2754 1090 2791 domino
1115 2755 1245 2792 victuri
1273 2756 1408 2792 simus!
1457 2755 1560 2792 Deus
1585 2755 1693 2792 nobis

128 2810 393 2856 Elizabetliam‚
422 2824 540 2861 speri),
567 2814 627 2850 diu
654 2815 774 2852 vivam
806 2823 843 2853 et
871 2817 1092 2854 ineolumem
1119 2820 1364 2856 conservabit.
1421 2819 1464 2856 Id
1491 2818 1600 2856 nobis
1627 2818 1695 2855 erit

128 2874 226 2911 satis.
292 2874 361 2918 Tu,
390 2875 440 2911 mi
468 2882 582 2924 pater,
611 2891 674 2914 ora
709 2879 845 2925 Deum,
873 2887 914 2917 ut
940 2882 1206 2931 rempublicam
1234 2888 1400 2920 nostram
1428 2889 1466 2920 et
1498 2883 1692 2920 ecelesiam

127 2944 328 2975 conservet.
385 2938 488 2984 Vale,
517 2940 565 2976 nii
594 2948 710 2990 pater,
741 2944 832 2981 vale.
888 2945 994 2991 Vale,
1022 2946 1127 2984 dulce
1153 2947 1264 2985 decus
1288 2960 1424 2985 meum.
