1845 3233
190 158 272 199 150
687 171 893 200 JOHANNES
925 172 1212 201 PARKHURSTUs
1610 163 1748 220 [nrlsr.

710 358 1009 402 EPISTOLA
1050 359 1222 403 XCIX.

260 531 516 565 JOHANNES
545 530 896 562 PARKHURSTUS
924 531 993 562 AD
1021 530 1279 563 HENRICUM
1309 530 1677 565 BULLINGERUM.

263 612 424 649 SALst
455 611 518 658 sis,
551 610 766 648 suavissime
796 611 1024 662 Bullingere.
1088 611 1234 656 Quarto
1262 611 1391 649 Martii
1422 611 1581 662 insignis
1608 612 1755 664 papista

185 677 362 722 Boxalus,
390 675 552 726 Reginae
580 674 716 712 Mariae
736 676 963 721 secretarius,
985 674 1206 713 Lambethae
1225 675 1328 713 obiit.
1386 675 1473 721 Quo
1498 676 1646 727 quidem
1670 677 1755 715 loco

184 747 269 780 ante
296 741 400 778 illum
427 753 521 778 unus
547 753 593 777 ex
618 740 698 791 ejus
731 740 962 787 consiliariis,
995 740 1203 778 Thirlbaeus
1231 739 1425 790 episcopus
1451 740 1611 778 Eliensis
1640 740 1755 778 etiam

185 811 350 844 mortuus
384 809 450 842 est.
518 803 627 842 Circa
667 804 781 842 finem
814 805 920 843 Junii
954 805 1076 844 David
1113 804 1336 842 Whithedus
1379 804 1652 854 octogenarius,
1699 805 1754 844 vir

183 870 286 909 omni
309 869 495 907 literarum
522 881 658 919 genere
684 869 864 915 excultus,
890 883 937 907 ex
960 868 1031 907 hae
1058 869 1134 907 vita
1162 868 1324 906 Londini
1350 868 1537 919 migravit.
1590 868 1755 907 Thomas

184 935 398 986 Spenserus,
427 933 556 970 doctor
583 932 620 970 S.
650 931 854 984 theologiae
883 939 921 971 et
942 933 1221 972 archidiaconus
1246 932 1456 979 Cicestriae,
1486 936 1510 970 8
1537 933 1630 971 Julii
1657 932 1755 970 diem

184 999 317 1037 clausit
340 1010 562 1049 supremum.
619 997 658 1034 Is
677 997 960 1048 diligentissime
979 999 1018 1036 in
1036 1011 1120 1036 mea
1139 997 1317 1036 Suffolcia
1333 1010 1468 1035 munus
1488 998 1583 1035 obiit
1606 997 1754 1035 concio-

183 1063 309 1101 nandi.
364 1062 451 1100 Fuit
467 1062 499 1100 is
516 1061 710 1099 nobiscum
732 1062 873 1113 Tiguri.
928 1063 976 1100 D.
1001 1062 1132 1108 Collis,
1156 1075 1234 1100 non
1258 1062 1319 1100 ille
1345 1062 1407 1113 qui
1430 1062 1501 1099 fuit
1523 1062 1667 1113 Tiguri,
1688 1061 1753 1099 sed

183 1140 293 1179 quem
319 1132 514 1177 tantopere
541 1126 687 1163 amabat
711 1126 759 1164 D.
788 1126 1077 1178 Wolphgangus
1106 1126 1343 1172 Weidnerus,
1374 1125 1655 1164 archidiaconus
1683 1125 1753 1163 Esv

183 1192 313 1238 sexiae,
344 1191 475 1229 eodem
505 1196 674 1241 tempore
707 1191 755 1228 ad
787 1203 940 1242 superos
973 1192 1169 1230 concessit.
1236 1190 1323 1228 Fuit
1354 1196 1506 1242 uterque
1537 1190 1577 1228 in
1604 1190 1752 1229 concio-

182 1256 307 1295 nando
334 1255 449 1293 mirus
475 1254 617 1291 artifex.

264 1321 351 1358 Hoc
378 1319 452 1357 fere
471 1318 620 1356 biennio
649 1317 718 1355 fuit
742 1317 802 1356 hic
827 1318 1029 1358 Nordovici
1051 1320 1148 1358 inter
1172 1324 1369 1357 extraneos
1395 1318 1639 1370 implacabilis
1665 1331 1752 1357 con-

184 1384 315 1429 tentio,
352 1383 513 1420 necdum
542 1387 600 1419 est
633 1382 850 1433 consopita3
891 1384 957 1421 sed
989 1383 1112 1434 aliqua
1142 1384 1222 1434 jam
1250 1396 1334 1435 spes
1363 1383 1531 1434 affulget,
1558 1382 1685 1420 omnia
1715 1383 1754 1419 in

183 1447 327 1486 meliori
358 1452 396 1483 et
427 1445 606 1496 pacatiori
639 1450 736 1482 statu
769 1445 902 1484 futura.
971 1447 1144 1492 Quantos
1179 1460 1252 1497 ego
1282 1453 1363 1484 toto
1394 1446 1465 1484 hoc
1497 1452 1664 1497 tempore
1695 1446 1751 1483 in·
1778 1471 1779 1475 =

183 1511 402 1564 sumpserim
434 1510 576 1547 labores
604 1508 668 1561 (de
699 1511 907 1562 sumptibus
936 1511 1029 1549 nihil
1062 1510 1180 1563 dico),
1209 1513 1271 1549 vix
1301 1512 1519 1550 credideris:
1561 1517 1599 1548 et
1626 1516 1752 1548 tamen

179 1575 379 1616 refractarii
402 1574 572 1612 homines
600 1573 697 1612 nihil
725 1575 770 1613 de
799 1588 867 1613 suo
893 1575 975 1625 jure
1000 1576 1128 1614 cedere
1152 1576 1291 1614 volunt.
1347 1576 1434 1626 Ego
1464 1589 1609 1626 semper
1634 1575 1750 1612 mitis-

181 1642 272 1679 sime
302 1646 340 1678 et
362 1639 628 1676 humanissime
657 1651 741 1676 cum
768 1639 840 1676 illis
873 1640 947 1691 egi,
979 1645 1018 1677 at
1048 1653 1166 1691 nuper
1201 1640 1422 1686 duriuscule,
1452 1653 1537 1678 mea
1564 1640 1750 1678 renitente

180 1711 322 1743 natura.
377 1703 449 1741 Sed
478 1703 565 1753 quid
592 1702 736 1740 facias?
790 1702 888 1741 Cum
915 1704 984 1741 hac
1012 1717 1070 1742 res
1098 1717 1176 1742 non
1207 1705 1393 1750 succedat,
1423 1704 1496 1741 alia
1524 1705 1749 1755 aggrediun-

179 1771 266 1807 dum
298 1774 355 1806 est
380 1768 453 1806 via.
507 1767 596 1804 Tres
629 1780 756 1805 eorum
787 1768 1082 1815 concionatores,
1113 1768 1303 1807 ambitiosi
1333 1768 1483 1819 quidem
1511 1769 1565 1805 illi
1599 1775 1637 1806 et
1669 1770 1748 1820 glo-

177 1835 280 1873 riolae
311 1833 447 1884 cupidi,
474 1831 542 1869 has
570 1832 693 1870 turbas
727 1832 905 1871 dederunt
938 1839 975 1870 et
1002 1833 1278 1871 continuarunt.
1336 1833 1471 1870 Parum
1501 1832 1630 1879 abfuit,
1658 1834 1747 1884 quin

177 1904 257 1937 tota
274 1896 520 1948 congregatio
539 1896 808 1934 dissolveretur.
852 1897 1039 1936 Numerus
1054 1911 1180 1936 eorum
1200 1898 1296 1936 circa
1314 1903 1472 1948 quatuor
1487 1897 1616 1934 millia.
1655 1898 1747 1936 Tur-

178 1963 320 2001 bulenti
349 1961 497 1999 fuerunt
519 1959 635 2011 Angli
661 1960 700 1997 in
729 1961 940 2007 Germania,
965 1962 1108 2007 fateor;
1144 1967 1182 1999 at
1208 1962 1239 1999 si
1270 1962 1316 1999 ad
1340 1961 1409 1999 hos
1435 1962 1615 2008 conferas,
1643 1968 1747 2000 erant

177 2026 408 2080 quietissimi.
472 2024 577 2063 Nihil
602 2024 771 2075 profecto
801 2026 915 2076 fingo.
972 2027 1116 2077 Magna
1138 2026 1288 2064 fuerunt
1311 2026 1406 2064 inter
1437 2026 1571 2064 horum
1601 2032 1747 2064 conter-

175 2104 305 2131 raneos
342 2089 506 2136 dissidia,
542 2089 726 2127 Sandwici
758 2090 797 2127 in
827 2090 978 2138 Cantio,
1014 2092 1066 2129 sic
1103 2091 1216 2129 etiam
1250 2090 1426 2137 Londini,
1461 2103 1547 2142 quae
1578 2091 1745 2129 nondum

176 2162 261 2195 sunt
289 2154 443 2207 sepulta,
473 2159 515 2191 ut
537 2153 659 2191 audio.
714 2154 760 2191 In
790 2156 947 2193 ecclesia
977 2156 1119 2193 Gallica
1146 2155 1245 2207 apud
1270 2168 1338 2192 nos
1366 2155 1493 2193 omnia
1521 2161 1608 2193 sunt
1639 2156 1744 2194 valde

176 2227 316 2272 pacata.
374 2220 469 2257 Sunt
492 2218 531 2255 hi
558 2217 596 2254 in
623 2231 779 2256 numero
806 2219 881 2257 fere
909 2220 1183 2272 quadringenti.

255 2285 300 2321 In
339 2283 464 2320 Scotia
498 2294 584 2319 vera
618 2282 750 2332 religio
787 2282 909 2322 floret.
970 2284 1044 2321 Sed
1072 2296 1244 2334 proceres
1271 2283 1368 2320 inter
1405 2296 1445 2320 se
1475 2296 1742 2335 nonnunquam

174 2348 399 2399 proeliantur,
434 2360 509 2384 non
537 2358 604 2396 pro
634 2346 816 2396 religione
847 2346 925 2399 (cui
951 2361 1080 2385 omnes
1100 2348 1176 2385 fere
1203 2345 1363 2398 favent),
1393 2347 1458 2385 sed
1479 2361 1545 2398 pro
1574 2349 1743 2386 custodia

174 2413 304 2463 Regis,
330 2412 388 2450 cui
416 2412 513 2450 inter
535 2410 603 2448 hos
631 2411 812 2462 praecipui
836 2412 990 2450 inhiant.
1047 2412 1195 2462 Regina
1225 2412 1364 2450 Scotiae
1391 2411 1430 2449 in
1458 2411 1597 2462 Anglia
1623 2413 1742 2451 adhuc

174 2478 369 2515 detinetur.
423 2474 740 2525 Archiepiscopus
765 2475 892 2513 Sancti
910 2475 1086 2522 Andreae,
1114 2477 1313 2514 multarum
1338 2482 1468 2514 auctor
1491 2477 1676 2515 turbarum
1702 2479 1740 2516 in

171 2541 310 2586 Scotia,
339 2553 467 2577 mense
497 2539 602 2577 Maio
632 2539 678 2576 ad
705 2539 824 2577 furcas
852 2545 891 2577 et
919 2554 965 2577 ex
993 2539 1061 2579 hac
1090 2540 1168 2578 vita
1195 2546 1251 2578 est
1279 2540 1455 2579 sublatus.

252 2603 423 2642 Marchio
454 2603 845 2655 NorthamptonensiS,
878 2603 990 2642 frater
1020 2605 1163 2655 reginae
1198 2603 1425 2651 Catherinae,
1459 2605 1602 2643 ultimae
1632 2606 1738 2644 Hen-

172 2669 238 2707 rici
264 2669 377 2707 VIII.
405 2669 576 2719 conjugis
605 2674 643 2705 et
670 2663 836 2706 dominae
858 2681 955 2706 meae
983 2669 1295 2714 clementissimae,
1317 2667 1397 2720 (cui
1421 2682 1494 2719 ego
1525 2669 1565 2706 in
1590 2683 1739 2708 munere

174 2733 418 2772 concionandi
443 2738 529 2770 ante
547 2733 683 2783 viginti
701 2738 776 2770 tres
802 2745 920 2769 annos
945 2733 1152 2783 inservivi‚)
1172 2733 1269 2770 circa
1289 2732 1438 2770 initium
1461 2732 1627 2783 Augusti
1652 2734 1738 2772 fatis

174 2797 366 2837 concessit.
422 2796 519 2834 Cum
549 2810 622 2847 ego
651 2810 769 2834 essem
799 2796 973 2843 Londini,
1005 2797 1111 2834 (luxit
1142 2796 1427 2847 pulcherrimam
1454 2797 1614 2847 puellam
1645 2799 1736 2837 Ger-

173 2875 335 2907 manam,
364 2873 448 2911 quae
474 2865 561 2910 post
578 2860 779 2897 discessum
801 2860 1031 2899 Marchionis
1055 2861 1238 2898 Badensis
1268 2866 1306 2898 et
1324 2860 1478 2898 Ceciliae
1503 2862 1582 2910 ejus
1611 2864 1737 2901 uxoris

174 2940 220 2965 ex
238 2925 380 2975 Anglia
403 2925 442 2961 in
469 2924 630 2974 Reginae
659 2924 743 2961 aula
770 2925 957 2962 remansit.
1028 2925 1113 2962 Fuit
1141 2930 1268 2962 noster
1293 2924 1457 2962 marchio
1485 2938 1602 2963 annos
1626 2933 1736 2966 natus

174 2991 374 3042 sexaginta
396 2994 446 3036 et,
468 2988 590 3032 credo,
618 2988 735 3027 multo
759 2989 891 3039 plures.
960 2988 1060 3028 Tuus
1088 2988 1185 3028 filius
1211 2989 1399 3028 Henricus
1426 2989 1598 3029 Butlerus
1624 2992 1732 3030 valet.
