1845 3233
127 151 263 209 Lxxl.]
601 167 657 193 AD
689 166 903 193 HENRICUM
940 164 1241 191 BL'LLINGERUM·
1667 149 1722 190 95

127 296 193 320 eos
223 283 356 334 quanti
384 282 462 327 fiat,
492 287 530 319 ct
559 281 748 332 quomodo
783 280 960 331 religioni
987 279 1132 317 dicatus
1162 279 1233 323 sit;
1269 277 1506 329 prudentiam
1535 283 1639 315 tuam
1673 290 1719 314 ex

127 347 230 386 libris
260 360 387 385 corum
415 346 625 396 intelligere
653 359 730 383 non
756 344 980 382 dubitamus.
1036 343 1196 388 Deinde,
1223 342 1489 380 monachatum
1519 355 1562 380 ac
1594 342 1719 393 papis-

128 425 230 450 mum
263 412 361 462 sapit
397 411 461 448 illa
497 411 700 448 ambitiosa
732 415 770 447 et
803 399 1013 460 pharisaica
1049 407 1244 458 peculiaris
1281 408 1434 445 vestitus
1471 407 1719 458 praescriptio,

129 477 190 514 cui
227 476 280 513 illi
317 475 428 513 hodie
464 487 543 513 non
578 475 704 512 minus
736 486 849 525 quam
885 472 976 511 olim
1013 485 1094 510 suae
1130 472 1289 510 cucullae
1329 471 1504 510 monachi
1539 471 1718 509 tribuunt.

130 540 265 591 Neque
293 553 380 578 vero
404 540 513 577 simul
541 553 585 578 ac
614 539 729 577 semel
754 538 883 589 irrupit
909 537 1120 575 sanctitatis
1148 542 1188 574 et
1214 537 1337 575 meriti
1363 537 1504 588 opinio,
1535 536 1600 574 sed
1628 550 1719 588 pau-

127 605 235 642 latim
267 610 305 642 et
332 604 473 642 sensim
503 603 661 654 irrepsit.
719 602 834 648 Quod
865 615 914 639 ne
947 600 1006 639 hic
1038 614 1186 652 quoque
1219 601 1297 647 fiat,
1332 602 1420 652 quia
1450 614 1630 647 veremur,
1663 600 1718 638 id-

129 670 229 707 circo
256 682 334 707 non
363 669 428 707 abs
459 683 497 707 rc
527 674 758 713 cunctamur,
794 673 832 704 et
861 665 1054 718 principiis
1086 666 1234 703 obstare
1271 678 1460 703 conamur.
1517 665 1616 703 Cum
1643 665 1719 703 Eu-

129 733 270 771 stathio
302 747 380 771 non
410 734 580 778 facimus,
616 733 679 783 qui
706 732 745 769 in
776 736 882 769 veste
912 730 1136 780 religionem
1165 730 1392 776 collocabat;
1441 731 1518 768 imo
1549 730 1618 776 his,
1655 729 1719 781 qui

128 797 326 848 religiosas
356 804 394 835 ct
424 798 630 848 singulares
657 802 780 835 vestes
812 796 872 833 sui
903 794 1101 833 sacerdotii
1134 795 1277 833 indices
1307 795 1566 846 superstitiose
1596 795 1718 846 requi-

128 867 227 907 runt,
248 862 496 900 adversamur.
554 862 661 899 Idem
682 861 796 899 etiam
815 860 861 898 de
883 873 1029 898 canone
1054 860 1205 898 concilii
1226 860 1456 909 Gangrensis
1481 865 1517 896 et
1539 858 1719 897 Laodicei

131 932 170 963 et
194 927 329 977 synodi
349 927 445 964 sexti
464 926 674 964 dicendum.
711 925 747 963 A
764 925 948 969 libertate,
972 924 1011 961 in
1030 937 1105 974 qua
1122 923 1302 962 hactenus
1324 924 1510 969 stetimus,
1531 923 1719 962 discedere

130 991 320 1029 servitutis
346 996 669 1029 auctoramentum
689 989 877 1041 quoddam
903 1002 984 1026 esse
1001 988 1223 1039 judicamus.
1281 989 1414 1040 Neque
1433 988 1494 1026 hie
1513 1001 1583 1025 nos
1608 987 1719 1025 rixati

130 1069 270 1102 sumus,
298 1069 375 1093 non
409 1054 541 1093 odiose
575 1055 851 1100 contendimus,
884 1054 1036 1092 acerbas
1071 1054 1332 1092 contentiones
1365 1066 1512 1104 semper
1539 1052 1719 1103 fugimus,

131 1120 272 1158 amicas
301 1119 594 1158 consultationes
623 1119 845 1170 quaerimus3
879 1118 977 1169 lupis
1003 1130 1081 1155 non
1111 1117 1290 1163 cedimus,
1322 1119 1387 1156 sed
1417 1117 1536 1156 coacti
1562 1123 1600 1154 et
1623 1116 1721 1168 pulsi

130 1185 215 1222 loco
248 1183 355 1221 inviti
385 1189 423 1221 et
451 1190 646 1235 gementes
680 1183 916 1221 discedimus.
973 1182 1118 1220 Fratres
1148 1188 1186 1220 et
1218 1182 1416 1233 episcopos
1451 1181 1619 1219 Domino
1651 1194 1720 1219 suo

130 1255 227 1287 stare
254 1254 292 1285 et
311 1247 443 1285 cadere
472 1248 746 1299 permittimus:
780 1248 938 1285 eandem
956 1260 1046 1297 erga
1072 1260 1141 1284 nos
1170 1247 1392 1298 aequitatem
1413 1246 1717 1291 submississime,

131 1319 170 1350 at
197 1312 344 1357 frustra,
378 1312 553 1362 petimus.
618 1312 664 1350 In
687 1312 821 1350 ritibus
848 1311 943 1349 nihil
974 1317 1031 1349 est
1063 1311 1241 1349 liberum:
1276 1325 1346 1349 nce
1379 1311 1425 1348 ad
1457 1310 1530 1348 hoc
1558 1324 1580 1348 a
1609 1311 1719 1349 nobis

130 1377 238 1428 regia
273 1377 451 1427 majestas
487 1377 631 1414 irritata
666 1383 734 1422 est,
776 1376 840 1414 sed
877 1376 1037 1414 aliorum
1079 1389 1191 1413 suasu
1228 1376 1381 1414 inducta
1418 1381 1496 1413 est:
1542 1380 1584 1413 ut
1620 1388 1719 1414 nunc

131 1441 283 1478 demum
316 1454 407 1485 non,
442 1441 544 1492 quod
573 1441 742 1479 ecelesize
775 1441 940 1491 expedit,
973 1440 1040 1477 sed
1070 1441 1170 1491 quod
1199 1441 1324 1491 aliquo
1354 1440 1469 1477 modo
1502 1440 1603 1486 lieet,
1629 1453 1719 1478 con-

132 1505 336 1549 stituatur3
371 1510 410 1542 et
447 1505 546 1555 quod
577 1506 734 1542 omnino
768 1505 925 1555 impium
958 1518 1037 1542 non
1069 1510 1139 1550 est,
1178 1505 1217 1542 id
1254 1518 1385 1543 sanum
1416 1510 1454 1541 et
1488 1505 1646 1550 salubre,
1682 1504 1719 1542 id

131 1576 423 1615 sacrosanctum,
452 1569 490 1606 id
516 1575 639 1607 ratum
666 1569 858 1607 habeatur.

210 1634 455 1672 Ceremonias
483 1639 520 1671 ct
539 1639 661 1672 vestes
681 1634 930 1677 sacerdotum,
957 1647 1042 1671 cum
1060 1633 1257 1683 religionis
1276 1638 1392 1670 testes
1418 1638 1456 1670 et
1478 1632 1721 1683 professionis

130 1705 234 1737 notae
257 1704 357 1744 sunt,
383 1711 461 1736 non
487 1699 614 1736 civiles
641 1712 744 1744 esse3
776 1703 814 1735 et
836 1698 882 1736 ab
900 1697 1071 1735 hostibus
1097 1698 1265 1735 omnium
1287 1711 1473 1736 consensu
1489 1703 1621 1735 mutuo
1640 1710 1720 1735 cor-

128 1769 290 1815 rogatae,
310 1776 389 1801 non
409 1763 560 1800 decorae
579 1762 707 1800 haberi
723 1777 730 1807 ;
761 1771 798 1800 et
815 1762 1055 1800 anathemate
1074 1763 1202 1800 divino
1221 1768 1380 1808 notatae,
1399 1768 1438 1800 et
1455 1762 1527 1812 piis
1547 1762 1719 1800 omnibus

132 1828 280 1873 invisae,
313 1833 352 1865 et
378 1826 487 1864 malis
517 1840 560 1864 ac
588 1827 745 1865 infirmis
777 1827 1025 1872 admirabiles,
1057 1827 1139 1864 sine
1169 1827 1304 1878 quibus
1331 1840 1403 1865 nec
1428 1840 1497 1864 nos
1528 1826 1720 1864 ministros

133 1905 216 1929 csse
249 1905 320 1929 nec
354 1897 588 1929 sacramenta
622 1892 692 1929 rite
725 1891 975 1929 administrari
1002 1891 1181 1935 credunt;
1220 1892 1260 1929 in
1287 1892 1397 1929 rebus
1424 1891 1719 1930 indifferentibus

133 1956 320 1993 numerari
345 1969 415 1993 nec
443 1961 600 2006 possunt
623 1969 694 1993 nec
721 1956 870 1993 debent.
927 1955 1132 1993 Habebant
1154 1962 1279 2007 patres
1299 1955 1444 2006 antiqui
1471 1969 1555 1993 suas
1581 1961 1718 2000 vestes,

133 2020 196 2057 sed
227 2033 296 2057 nec
325 2019 584 2070 episcoporum
611 2020 777 2057 omnium
798 2020 978 2070 proprias,
1008 2033 1078 2057 nec
1104 2033 1125 2057 a
1153 2020 1258 2057 laicis
1278 2020 1486 2057 distinctas.
1534 2020 1719 2070 Exempla

133 2085 182 2122 D.
202 2084 362 2122 Joannis
386 2089 424 2120 et
444 2082 625 2134 Cypriani
651 2083 854 2133 singularia
878 2090 975 2121 sunt.
1031 2083 1189 2121 Sisinius
1215 2084 1418 2123 haereticus
1443 2090 1533 2129 erat,
1560 2097 1630 2121 nec
1655 2090 1721 2122 aut

133 2149 303 2186 laudatus
331 2154 396 2185 aut
427 2148 535 2185 nobis
564 2147 769 2185 imitandus
802 2148 1027 2198 proponitur.
1086 2148 1244 2186 Pallium
1281 2154 1359 2186 erat
1391 2149 1559 2186 omnium
1593 2148 1720 2186 Chris-

131 2214 320 2250 tianorum
348 2225 560 2258 commune,
592 2218 633 2249 ut
652 2211 902 2249 Tertullianus
929 2212 968 2250 in
991 2212 1055 2250 illo
1080 2212 1176 2251 libro
1202 2212 1326 2258 rcsert,
1359 2218 1397 2249 et
1422 2213 1626 2263 paternitas
1652 2219 1720 2250 tua

131 2277 222 2314 alibi
251 2276 408 2313 notavit.
465 2276 757 2327 Chrysostomus
786 2277 958 2314 candidae
992 2276 1106 2314 vestis
1142 2276 1327 2320 meminit,
1364 2277 1429 2314 sed
1465 2277 1610 2322 obiter;
1650 2291 1719 2316 nec

132 2340 384 2385 commendat,
401 2354 469 2378 nec
487 2340 748 2391 reprehendit3
770 2346 808 2378 et
822 2340 978 2378 fueritne
998 2341 1232 2378 sacerdotum
1248 2354 1295 2378 an
1315 2341 1471 2378 aliorum
1485 2342 1719 2388 Graecorum,

132 2407 231 2443 linea
263 2411 328 2442 aut
360 2405 482 2451 lanea,
513 2405 598 2442 alba
630 2418 677 2442 an
709 2405 861 2449 munda,
895 2405 1063 2443 nondum
1095 2410 1256 2443 constat.
1315 2404 1428 2442 Certe
1459 2405 1506 2442 ad
1538 2406 1718 2456 populum

132 2470 411 2508 Antiochenum
443 2470 489 2507 ab
524 2469 657 2508 eodem
690 2474 728 2506 et
760 2469 806 2506 ab
839 2468 1078 2520 Hieronymo
1108 2469 1309 2520 opponitur
1340 2469 1518 2514 sordidae,
1551 2476 1589 2507 et
1619 2471 1719 2521 apud

132 2535 322 2573 Blondum
352 2535 397 2572 de
430 2533 544 2584 pallio
572 2534 682 2571 laneo
709 2533 752 2570 fit
779 2534 933 2571 mentio.
991 2534 1118 2579 Quare
1141 2547 1189 2571 ex
1217 2533 1396 2584 ambiguo
1427 2534 1521 2572 nihil
1546 2535 1719 2573 concludi

131 2605 270 2650 potest.

210 2664 381 2702 Vestium
402 2663 728 2714 praescriptionem
752 2675 829 2700 non
853 2675 1061 2713 congruere
1087 2675 1171 2700 cum
1198 2662 1402 2700 christiana
1425 2663 1609 2707 libertate,
1642 2663 1717 2701 Bu—

131 2741 238 2766 cerus
270 2734 329 2766 est
361 2728 482 2773 testis,
517 2728 580 2778 qui
611 2727 827 2766 discrimina
854 2727 1015 2765 vestium
1052 2732 1205 2778 propter
1233 2732 1461 2777 praesentem
1492 2728 1648 2765 abusum
1680 2727 1718 2765 in

130 2792 299 2830 ecclesiis
329 2792 567 2843 Anglicanis‚
599 2797 752 2843 propter
779 2791 989 2842 pleniorem
1017 2791 1311 2829 declarationem
1335 2791 1594 2830 detestationis
1621 2792 1718 2829 anti-

132 2856 273 2902 christi,
304 2862 458 2907 proptcr
481 2856 687 2908 pleniorem
713 2855 984 2906 professionem
1007 2856 1190 2894 libertatis
1212 2855 1444 2902 christianae,
1472 2862 1624 2908 propter
1647 2856 1719 2893 tol-

131 2921 262 2958 lendas
289 2921 386 2958 inter
412 2921 544 2959 fratres
573 2920 838 2966 dissensiones,
865 2920 1020 2958 omnino
1041 2920 1208 2958 tollenda
1226 2933 1308 2958 esse
1327 2921 1496 2958 censuit:
1535 2920 1593 2958 his
1619 2920 1716 2958 enim

131 2985 252 3023 verbis
271 2985 333 3023 ille
352 2998 441 3024 usus
460 2991 518 3023 est
537 2985 576 3023 in
596 2984 757 3036 epistola
776 2985 823 3022 ad
843 2984 891 3023 D.
908 2998 931 3023 a
950 2985 1085 3031 Lasco‚
1107 2985 1172 3036 qui
1191 2990 1292 3023 totus
1311 2991 1438 3024 noster
1455 2985 1537 3023 fuit.
1586 2985 1718 3035 Itaque
