1845 3233
142 166 197 207 90
325 178 531 203 JOHANNES
564 177 734 203 JUELLUS
769 177 823 201 AD
854 176 1067 201 HENRICUM
1100 174 1403 209 BULLINGERUM‚
1440 174 1524 200 ETC.
1579 156 1724 217 [EPIST.

141 299 299 332 vestram
323 298 519 330 conservet
545 291 774 329 incolumes!
831 289 997 327 Salutate
1025 290 1072 326 D.
1094 289 1326 334 Gualterum,
1359 289 1409 326 D.
1430 288 1642 334 Simlerum,
1672 290 1721 327 D.

141 357 368 407 Zuinglium,
402 355 452 393 D.
487 356 708 399 Gesncrum,
747 354 794 392 D.
830 353 1037 398 VVickium,
1076 353 1123 390 D.
1163 352 1372 397 Haflerum,
1410 353 1520 390 D.D.
1552 353 1653 391 Hen.
1685 360 1723 391 et

141 422 235 459 Rod.
271 420 517 469 Bullingeros‚
546 432 631 456 meo
668 418 836 455 nomine.
894 416 1124 461 sarisberiae,
1159 419 1182 453 8
1213 417 1387 454 Februar.
1430 419 1543 455 1566.

918 480 1042 518 Vestri
1070 493 1202 517 amans
1230 485 1268 517 et

1044 551 1233 588 studiosus
1260 550 1299 587 in
1329 551 1508 596 Domino,

564 631 824 657 INSCRIPTIO.
1175 619 1249 657 JO.
1280 619 1532 665 JUELLUS,
1562 619 1721 671 Anglus.

245 692 463 731 Clarissimo
501 695 581 729 viro
622 693 669 728 D.
712 692 952 737 Bullz'ngcro,
987 693 1141 739 pastori

294 757 452 794 ecclesia>
483 757 693 805 Tigurinoe,
729 756 885 792 domino
917 766 985 790 suo
1018 755 1135 792 colen-

297 822 461 857 dissime).
924 819 1074 866 Tiguri.

646 1017 947 1060 EPISTOLA
981 1018 1207 1061 LXVIII.

216 1177 527 1208 LAURENTIUS
557 1177 855 1209 HUMFREDUS
882 1179 949 1209 AD
980 1177 1245 1210 HENRICUM
1276 1175 1650 1208 BULLINGERUM.

216 1247 512 1284 CONVALUISSE
541 1252 578 1284 te
599 1253 636 1284 et
655 1261 701 1284 ex
720 1248 851 1286 morbo
871 1248 1060 1293 diuturno,
1086 1261 1162 1299 quo
1181 1247 1430 1291 afflictabaris,
1456 1252 1663 1284 recreatum
1684 1253 1722 1284 et

136 1312 336 1349 relevatum
355 1323 449 1356 esse,
470 1311 543 1348 Dei
560 1312 759 1357 beneficio,
779 1318 884 1362 pater
901 1313 940 1349 in
955 1312 1108 1350 Christo
1125 1311 1338 1355 reverende,
1358 1311 1440 1356 tibi,
1459 1311 1580 1354 nobis,
1604 1311 1723 1348 eccle-

137 1376 203 1414 siae
223 1374 408 1426 gratulor;
435 1380 472 1412 et
490 1380 532 1412 ut
549 1376 672 1426 magis
692 1389 735 1413 ac
755 1376 879 1427 magis
898 1376 1141 1421 confirmeris,
1161 1376 1275 1413 etiam
1295 1382 1406 1426 atque
1427 1374 1540 1412 etiam
1559 1388 1703 1425 precor.

216 1439 508 1477 Lucubrationes
544 1444 628 1477 tuas
664 1440 701 1477 in
741 1441 940 1478 Danielem
966 1454 1040 1478 una
1068 1453 1154 1477 cum
1183 1439 1419 1490 praefatione,
1452 1445 1490 1476 et
1517 1438 1724 1476 honorifica.

139 1505 213 1543 mei
244 1504 469 1553 fratrumque
505 1504 657 1541 exulum
691 1505 897 1549 mentione,
929 1505 1004 1542 vidi
1037 1510 1075 1542 et
1107 1505 1183 1555 legi
1209 1504 1379 1549 libenter,
1407 1517 1450 1541 ac
1482 1508 1560 1540 tuae
1592 1502 1723 1540 huma-

138 1569 246 1607 nitati
284 1567 442 1618 gratiam
478 1566 609 1605 habco.
668 1568 781 1613 Quod
808 1569 846 1606 in
879 1569 1045 1606 Jesaiam
1074 1574 1111 1606 te
1145 1574 1485 1606 commentaturum
1517 1567 1719 1617 promittis,

140 1633 310 1684 equidem
340 1632 508 1682 gaudem
540 1637 578 1669 et
606 1638 647 1669 ut
677 1633 843 1670 Domino
867 1633 1020 1683 juvante
1048 1633 1233 1682 perficias,
1261 1637 1542 1682 extremamque
1569 1645 1722 1669 manum

139 1703 264 1748 coepto
300 1696 403 1747 operi
438 1696 621 1746 imponas,
651 1697 894 1734 vehementer
930 1710 1035 1748 rogo.
1092 1696 1205 1734 Liber
1242 1703 1299 1734 est
1330 1702 1433 1734 totus
1471 1696 1721 1746 evangelicus,

141 1762 276 1799 densus
304 1774 348 1798 ac
375 1760 529 1797 infertus
561 1761 761 1811 mysteriis,
792 1761 929 1798 alicubi
960 1766 1112 1812 propter
1137 1761 1308 1798 concisas
1334 1761 1553 1806 sententias,
1583 1766 1622 1797 et
1646 1761 1722 1798 his-

139 1826 255 1864 torias
286 1825 539 1876 interpositaS,
569 1839 611 1862 ac
639 1826 786 1863 crebros
819 1825 1102 1863 schematismos
1135 1831 1172 1862 et
1201 1826 1402 1863 nonnullas
1434 1825 1722 1875 interruptiones

140 1889 341 1928 obscurior.
409 1889 532 1934 Quare
565 1890 653 1927 licet
691 1890 827 1941 optimi
857 1895 895 1927 et
930 1889 1139 1927 doctissimi
1177 1889 1350 1927 homines
1384 1902 1564 1939 magnam
1600 1889 1722 1928 lucem

141 1954 343 1999 attulerint,
375 1959 413 1991 et
439 1954 656 2005 praeclaram
690 1967 841 2005 operam
872 1955 1114 1999 navaverint3
1148 1960 1275 1991 tamen
1307 1953 1443 1991 laboris
1473 1954 1527 1990 tui
1557 1955 1723 1992 accessio

140 2019 203 2069 pia
234 2019 302 2055 erit
337 2024 374 2054 et
406 2019 584 2069 perutilis.
641 2018 687 2055 In
723 2019 834 2056 tertio
863 2019 1000 2069 capite,
1036 2019 1100 2056 ubi
1131 2019 1176 2055 de
1211 2017 1442 2055 ornamentis
1478 2019 1722 2069 muliebrique

140 2083 279 2120 mundo
310 2082 491 2132 propheta
522 2082 682 2127 disserit,
721 2083 751 2120 si
784 2083 958 2134 quaedam
988 2083 1034 2120 de
1063 2096 1103 2120 re
1133 2083 1306 2120 vestiaria
1339 2082 1606 2128 interserueris,
1636 2096 1722 2120 meo

137 2146 278 2197 judicio
312 2159 436 2196 operae
468 2146 628 2196 pretium
660 2146 803 2184 feceris.
861 2147 963 2193 Quid
996 2147 1178 2185 hactenus
1208 2146 1412 2197 scripseriS,
1448 2160 1524 2184 non
1562 2147 1721 2197 ign0r03

141 2217 266 2247 tamen
290 2215 327 2247 et
352 2210 512 2247 breviter
536 2210 648 2248 nimis
678 2216 716 2247 et
742 2211 937 2262 perspicue
961 2224 1038 2248 non
1065 2211 1155 2248 satis
1189 2211 1324 2248 videris
1351 2212 1548 2262 protulisse
1575 2216 1724 2248 senten—

141 2274 244 2311 tiam.
302 2274 432 2325 Itaque
462 2280 503 2311 ut
533 2274 661 2324 paucis
690 2276 920 2325 respondeas
950 2275 1231 2326 quaestiunculis
1263 2274 1368 2312 hisce
1400 2275 1507 2321 meis,
1545 2276 1723 2327 pietatem

141 2344 242 2374 tuam
268 2337 403 2375 iterum
428 2343 540 2388 atque
565 2338 702 2375 iterum
727 2352 813 2377 oro:
852 2342 887 2377 1.
917 2339 981 2377 An
1011 2339 1275 2377 ecclesiasticis
1296 2339 1384 2376 viris
1412 2340 1517 2390 leges
1535 2340 1724 2377 vestiariae

143 2401 329 2451 praescribi
349 2401 520 2446 debeant,
541 2402 594 2439 sic
614 2408 654 2439 ut
672 2402 805 2450 forma,
824 2404 961 2448 colore,
983 2410 1054 2442 etc.
1073 2417 1096 2441 a
1113 2404 1216 2442 laicis
1237 2404 1542 2454 distinguantur?
1596 2406 1633 2440 2.
1660 2403 1724 2441 An

143 2464 396 2501 ceremonialis
415 2466 534 2503 cultus
563 2466 721 2504 Levitici
744 2469 942 2505 sacerdotii
962 2469 1011 2505 sit
1033 2469 1074 2506 in
1097 2468 1291 2506 ecclesiam
1311 2467 1451 2504 Christi
1469 2467 1724 2505 revocandus?

145 2530 181 2564 3.
210 2526 271 2564 Α11
300 2528 436 2565 vestitu
470 2535 508 2565 et
537 2535 692 2567 externo
720 2532 793 2569 ritu
820 2545 904 2569 cum
936 2533 1094 2583 papistis
1122 2533 1400 2571 communicare
1432 2532 1575 2569 liceat?
1607 2537 1646 2568 et
1677 2544 1725 2568 an

143 2591 371 2628 ceremonias
403 2593 448 2628 ab
476 2593 550 2630 ulla
579 2594 737 2632 ecclesia
762 2596 969 2634 adulterina
999 2602 1036 2634 et
1064 2597 1274 2635 adversaria
1304 2596 1535 2634 Christianos
1564 2595 1726 2632 mutuari

145 2654 344 2703 oporteat?
398 2657 434 2690 4.
461 2655 522 2693 An
548 2658 703 2696 vestitus
735 2661 973 2698 sacerdotalis
1004 2674 1048 2698 ac
1076 2662 1276 2712 peculiaris
1312 2666 1490 2711 tanquam
1519 2659 1636 2697 civilis
1660 2659 1725 2696 ha—

145 2717 244 2754 bitus
275 2718 474 2766 gestandus
500 2720 548 2757 sit
561 2721 577 2756 ¹?
613 2735 738 2759 annon
767 2723 1081 2770 monachismum,
1106 2725 1332 2776 papismum,
1357 2724 1594 2779 Judaismum
1618 2723 1727 2760 redo-

144 2779 250 2816 leat?
305 2784 339 2817 5.
368 2781 429 2819 An
461 2784 523 2832 qui
547 2783 731 2823 hactenus
759 2786 798 2823 in
823 2787 997 2825 libertate
1024 2802 1089 2825 sua
1116 2789 1396 2839 acquieverunt,
1426 2789 1462 2825 vi
1485 2788 1582 2838 regii
1610 2786 1727 2824 edicti

146 2842 216 2879 hac
242 2844 416 2881 servitute
436 2845 622 2895 implicare
650 2862 689 2885 sc
715 2855 753 2886 et
780 2851 976 2888 ecclesiam
996 2853 1097 2889 salva
1115 2853 1347 2890 conscientia
1365 2852 1541 2903 possint?
1596 2853 1632 2887 6.
1662 2849 1726 2886 An

146 2906 325 2943 clericalis
349 2907 497 2945 habitus
523 2912 726 2960 papisticus
751 2913 827 2950 dici
853 2922 964 2965 queat
988 2930 1045 2953 res
1067 2917 1312 2954 indifferens?
1368 2920 1404 2954 7.
1435 2915 1497 2953 An
1525 2914 1726 2953 sumendus

145 2969 299 3007 vestitus
322 2971 447 3022 potius
472 2986 581 3023 quam
607 2975 813 3014 deserenda
841 2980 983 3016 statio?
1039 2980 1218 3017 Miseram
1248 2981 1295 3018 ad
1323 2981 1369 3018 D.
1392 2981 1533 3018 Bczam
1557 2980 1723 3029 itemque
