1845 3233
167 114 343 176 xxxnn]
702 134 757 159 AD
788 134 952 160 PETRUM
987 134 1229 160 MARTYREM.
1694 118 1752 166 47

167 252 285 296 pater,
303 246 356 283 mi
376 251 492 296 pater,
511 246 602 283 vale.
649 246 756 291 Vale,
780 247 832 283 mi
859 246 1008 284 domine
1033 247 1072 284 in
1092 246 1244 285 Christo
1264 247 1539 285 colendissime.
1588 248 1751 286 Ecclesi-

165 323 226 347 am
247 323 471 361 causamque
487 316 654 348 nostram
672 311 893 349 commendo
913 311 986 349 tuis
1004 312 1186 363 precibus,
1238 311 1416 358 Londini,
1435 314 1485 349 ‘22
1507 312 1614 358 Maii,
1636 315 1750 350 1560.

916 396 1206 436 JOHANNES
1232 397 1486 443 JUELLUS,

1137 492 1185 516 ex
1217 479 1358 525 animo,
1392 485 1430 517 et
1460 493 1545 518 vere
1574 486 1670 518 tuus.

452 544 719 572 mscmr'rlo.

248 598 504 636 ornatissimo
523 603 556 635 et
575 602 686 648 longe
711 601 925 637 doctissimo
952 601 1036 637 viro

340 663 391 700 D.
409 664 525 700 Petro
542 665 720 713 Illarlyri
739 665 932 710 Vermilio,
947 678 1040 714 pro-

325 729 466 778 fitenti
498 742 628 766 sacras
655 731 785 766 literas
813 732 854 766 ιή
883 731 1038 767 ecclesia

343 794 548 842 Tigurina,
571 795 726 831 domino
749 807 816 831 sno
842 795 1038 831 colendiss.

348 858 383 894 Τ
382 860 494 907 iguri.

663 1159 964 1202 EPISTOLA
1007 1160 1243 1202 XXXIV.

375 1359 634 1390 JOHANNES
657 1360 871 1391 JUELLUS
898 1360 966 1390 AD
997 1359 1200 1390 PETRUM
1233 1357 1531 1388 MARTYREM.

242 1440 278 1477 S.
301 1440 536 1478 PLURIMAM
557 1441 595 1478 in
612 1441 775 1479 Christo.
816 1442 954 1492 Scripsi
969 1442 1017 1478 ad
1049 1455 1082 1486 e,
1098 1441 1150 1477 mi
1165 1446 1283 1491 pater,
1299 1454 1375 1477 non
1390 1440 1443 1477 ita
1457 1439 1612 1490 pridem,
1632 1440 1746 1479 biduo

161 1511 361 1556 antequam
386 1505 616 1544 discederem
644 1506 832 1544 Londino.
888 1506 964 1543 Eas
987 1505 1073 1543 dedi
1096 1504 1337 1556 proficiscens
1360 1505 1518 1542 Hetono
1540 1510 1683 1551 nostro,
1705 1512 1746 1543 ut

162 1569 211 1607 ad
228 1575 266 1607 te
285 1570 405 1621 primo
425 1583 573 1621 quoque
591 1576 760 1622 tempore
786 1571 1033 1608 mitterentur.
1090 1569 1203 1607 Nunc
1225 1574 1426 1619 postquam
1455 1569 1502 1606 ad
1529 1582 1636 1607 meos
1658 1570 1745 1607 veni

161 1634 417 1680 Sarisberiam,
440 1634 510 1672 etsi
529 1634 623 1672 nihil
642 1635 849 1673 detractum
868 1640 927 1672 est
945 1635 992 1672 de
1007 1633 1243 1672 observantia
1262 1647 1353 1684 erga
1367 1639 1405 1671 te
1423 1647 1520 1679 mea,
1536 1633 1613 1671 imo
1631 1634 1742 1671 etiam

162 1699 330 1749 quamvis
349 1712 394 1736 ea
411 1712 458 1736 ex
476 1700 592 1750 longo
609 1699 683 1737 isto
702 1705 740 1737 et
761 1699 854 1737 mihi
871 1699 1099 1750 permolesto
1120 1699 1175 1736 tui
1197 1697 1382 1736 desiderio
1402 1697 1560 1735 infinitis
1578 1699 1744 1750 partibus

159 1769 270 1801 aucta
288 1764 348 1808 sit,
369 1769 407 1800 et
431 1769 611 1814 augeatur
634 1764 673 1801 in
698 1764 791 1809 dies,
810 1764 1001 1801 literarum
1023 1769 1151 1801 tamen
1178 1762 1454 1801 scribendarum
1482 1763 1745 1813 opportunitas

160 1840 240 1865 non
258 1828 389 1865 eadem
408 1828 553 1866 videtur
573 1841 671 1866 nunc
694 1842 790 1875 esse,
809 1841 895 1879 quae
914 1827 986 1865 fuit
1004 1833 1126 1865 antea.
1182 1827 1316 1878 Longe
1335 1827 1435 1864 enim
1454 1840 1554 1864 nunc
1573 1828 1702 1866 absum
1722 1843 1742 1867 a

159 1892 269 1929 turba
292 1898 330 1929 et
356 1892 526 1943 strepitti,
551 1893 750 1944 minusque
778 1893 898 1931 multo
925 1892 1037 1930 audio
1062 1892 1152 1943 quid
1177 1897 1322 1942 agatur.
1380 1891 1431 1929 Et
1456 1891 1488 1929 si
1520 1891 1610 1942 quid
1640 1894 1741 1937 volo,

159 1956 392 1993 tabellarium
411 1962 552 2002 tamen,
579 1958 642 2008 qui
670 1957 793 1995 isthuc
812 1963 885 2003 eat,
905 1970 982 1995 non
1001 1956 1163 1994 invenio.
1219 1955 1386 1993 Scribam
1405 1961 1546 2000 tamen,
1566 1957 1743 2008 quicquid

159 2020 242 2063 erit,
272 2020 347 2057 imo
376 2020 489 2058 etiam
527 2021 694 2072 quamvis
730 2021 825 2059 nihil
859 2021 941 2059 erit.
1012 2021 1173 2058 Pereant
1208 2020 1293 2057 istae
1329 2033 1431 2066 sane,
1462 2020 1493 2057 si
1524 2020 1667 2063 volunt,
1701 2022 1740 2060 in

159 2084 317 2122 itinere:
346 2097 470 2122 meum
495 2098 586 2136 erga
609 2091 647 2123 te
671 2086 846 2130 officium,
873 2085 1108 2136 obsequium,
1133 2084 1310 2129 studium,
1338 2097 1415 2121 non
1440 2084 1586 2135 peribit.
1643 2085 1741 2129 Erit,

160 2161 282 2199 spero,
318 2148 518 2199 aliquando
554 2156 714 2200 tempus,
742 2162 827 2187 cum
856 2149 1006 2200 propius
1039 2162 1108 2186 nos
1138 2154 1269 2185 mutuo
1298 2148 1555 2186 salutabimus.
1613 2149 1738 2194 Quam

159 2225 235 2263 ego
255 2212 354 2250 diem
378 2213 441 2250 ubi
466 2213 607 2258 videro,
629 2219 667 2250 et
691 2213 730 2250 in
749 2219 854 2251 tuum
876 2213 1114 2264 complexum
1139 2225 1290 2257 venero,
1317 2212 1407 2249 satis
1429 2225 1490 2249 me
1516 2213 1580 2250 diu
1602 2214 1739 2252 vixisse

157 2276 376 2314 arbitrabor.
441 2278 500 2315 Ea
527 2290 585 2315 res
612 2277 721 2315 nobis
758 2278 929 2315 omnibus
964 2290 1064 2315 0111110
1101 2282 1167 2314 est.
1237 2277 1287 2313 Et
1323 2276 1412 2327 quid
1445 2277 1625 2328 impediat
1660 2292 1738 2317 11011

156 2341 349 2385 videmus3
390 2342 463 2379 nisi
499 2342 536 2379 id
571 2342 665 2380 forte
702 2349 772 2388 est,
810 2342 910 2393 quod
946 2341 1125 2393 suspicor,
1170 2341 1341 2391 quodque
1378 2341 1424 2378 ad
1461 2347 1499 2378 te
1536 2342 1739 2393 aliquando

156 2406 298 2456 scripsi,
330 2406 484 2443 Petrum
515 2412 553 2443 et
586 2406 742 2444 Paulum
774 2406 843 2444 tibi
866 2406 1025 2443 reditum
1050 2405 1314 2443 interclusisse.
1370 2404 1443 2442 Sed
1476 2405 1581 2443 Deus
1613 2406 1738 2458 hujus—

155 2470 259 2507 modi
285 2470 463 2521 apostolis
487 2470 583 2507 male
602 2470 715 2508 velit!
774 2471 908 2508 Lectio
933 2476 1059 2508 tamen
1085 2477 1149 2507 tua
1175 2469 1298 2507 adhuc
1318 2475 1439 2514 vacat,
1463 2483 1534 2508 1100
1557 2471 1647 2516 scio,
1678 2473 1737 2509 cui

156 2535 280 2585 potius
307 2535 367 2571 alii
394 2539 569 2580 servetur,
595 2547 706 2585 quam
734 2534 813 2572 tibi.
870 2534 1020 2572 Interea
1037 2540 1165 2571 tamen
1184 2534 1236 2571 ibi
1255 2534 1382 2571 omnia
1400 2540 1511 2571 ruunt
1530 2540 1568 2572 et
1586 2548 1735 2585 pessum

155 2605 264 2637 eunt:
293 2599 455 2649 collegia
472 2598 573 2636 enim
591 2612 690 2636 nunc
710 2598 773 2636 illa
788 2599 898 2649 plena
916 2612 1113 2650 puerorum
1134 2605 1232 2643 sunt,
1254 2598 1474 2635 inanissima
1490 2599 1688 2637 literarum.

234 2663 402 2701 Smithus
429 2662 520 2700 abiit
545 2663 583 2700 in
610 2663 792 2701 Valliam:
823 2663 874 2701 1111
903 2664 1003 2701 0111111
1031 2664 1137 2701 aiunt
1165 2663 1315 2701 duxisse
1341 2676 1509 2709 uxorem,
1540 2664 1674 2714 opinor
1695 2671 1736 2702 ut

153 2727 282 2765 omnia
312 2734 378 2765 tua
411 2733 633 2778 argumenta
660 2727 847 2765 refutaret.
905 2728 1094 2779 Quicquid
1127 2733 1196 2773 est,
1228 2733 1355 2765 tamen
1386 2728 1506 2778 jactat
1540 2741 1667 2773 canos,
1699 2736 1738 2766 et

154 2793 264 2830 inane
293 2798 428 2843 caput:
465 2791 577 2829 habet
604 2805 702 2829 1111110
733 2792 924 2843 popinam,
960 2798 997 2829 et
1026 2792 1117 2829 vivit
1149 2792 1195 2829 de
1229 2792 1382 2829 taberna
1413 2791 1615 2833 meritoria,
1647 2806 1736 2830 0011-

151 2862 293 2894 temtus
316 2870 339 2893 a
371 2856 520 2902 nostris,
553 2869 575 2893 a
603 2856 691 2900 suis,
724 2869 746 2893 a
775 2856 890 2902 notis,
924 2857 970 2894 ab
1000 2856 1158 2907 ignotis,
1185 2870 1207 2893 a
1236 2857 1399 2901 senibus,
1431 2870 1453 2893 a
1478 2857 1613 2907 pueris,
1642 2870 1664 2893 a
1695 2870 1736 2894 se

151 2920 244 2970 ipso,
264 2921 310 2959 ab
331 2921 514 2959 omnibus.
562 2919 720 2959 Sidallus
739 2926 867 2959 noster
887 2921 1161 2972 Harpocratem
1189 2920 1291 2966 colit,
1311 2927 1348 2958 et
1367 2920 1466 2971 tegit
1485 2921 1707 2958 sententiam
1724 2933 1732 2957 τ
