1845 3233
148 175 204 216 94·
399 185 650 211 LAURENTIUS
677 181 924 209 HUMFREDUS
957 180 1007 205 ΕΤ
1041 180 1204 206 THOMAs
1235 180 1416 207 SAMPSON
1586 165 1728 221 [EPIST.

226 302 352 339 Primo
381 299 582 350 respondet
600 298 719 349 pietas
737 303 813 341 tua,
842 295 1022 333 ministris
1046 294 1239 345 praescribi
1263 307 1374 344 posse
1397 294 1502 344 leges
1522 297 1727 342 vestiar-ias,

145 372 186 403 ut
207 366 252 402 iis
277 365 400 402 colore
424 369 461 400 et
486 362 605 399 forma
630 375 652 398 a
678 361 782 398 laicis
811 360 1114 409 distinguantum
1145 371 1226 395 esse
1252 358 1352 395 enim
1381 358 1527 397 civilem
1556 361 1727 398 observa-

144 430 298 474 tionem,
322 434 359 464 et
377 427 589 477 apostolum
609 425 702 463 velle
722 425 938 474 episcopum
962 436 1042 460 esse
1067 421 1232 467 κόσμιον.
1282 420 1378 458 Cum
1397 421 1481 460 haec
1501 424 1661 474 quaestio
1681 424 1727 462 de

145 491 403 531 ecclesiasticis
422 490 636 527 hominibus
655 488 847 539 proposita
865 487 927 532 sit,
948 492 986 523 et
1003 486 1050 523 ad
1069 485 1358 523 ecclesiasticam
1377 487 1548 536 politiam
1566 494 1726 538 spectet,

141 556 328 608 quomodo
352 554 500 592 habitus
523 553 777 590 ministrorum
802 549 1003 600 singularis
1024 555 1061 587 et
1084 548 1266 587 clericalis
1291 549 1436 587 civilem
1459 551 1643 589 rationem
1662 553 1726 590 ha-

143 622 226 658 bere
245 619 378 670 possit,
396 631 472 655 non
490 617 669 655 videmus.
728 614 783 652 Ut
800 614 1017 665 episcopum
1039 612 1190 660 κόσμιον
1208 625 1288 650 esse
1309 613 1442 652 debere
1460 614 1620 653 fatemur
1629 631 1642 662 ,-
1672 616 1725 653 sic

142 685 187 722 ad
207 688 377 721 ornatum
395 681 547 726 mentis,
571 693 648 717 non
667 680 714 717 ad
737 679 880 717 cultum
898 678 1076 728 corporis,
1097 691 1181 715 cum
1200 677 1402 715 Ambrosio
1421 679 1624 718 referimus.
1673 681 1725 718 Et

141 754 182 786 ut
200 749 238 785 in
257 747 392 785 vestitu
409 745 656 790 honestatem,
685 742 921 793 dignitatem,
951 743 1172 793 gravitatem
1196 742 1441 792 requirimus3
1469 744 1523 782 sic
1547 745 1721 783 decorum

140 813 186 849 ab
217 811 387 848 hostibus
415 809 609 860 religionis
635 813 779 845 nostrae
807 807 884 857 peti
914 820 1110 857 negamus.

220 875 390 912 Secundo
419 873 620 924 respondes
649 870 915 922 hypothetice:
948 870 979 907 si
1001 870 1118 921 pileus
1148 875 1186 907 et
1213 870 1327 907 vestis
1349 883 1426 908 non
1457 870 1633 910 indecora
1653 873 1723 911 mi-

141 940 272 983 nistro,
302 944 340 976 et
372 950 458 989 quae
489 936 753 988 superstitione
785 940 926 980 carent,
954 934 1156 984 jubeantur
1186 934 1355 985 usurpari
1382 948 1405 972 a
1430 935 1623 982 ministris,
1656 939 1724 975 Ju-

140 1004 321 1041 daismum
344 1008 542 1053 propterea
565 1013 649 1038 vere
673 1012 752 1036 non
776 998 952 1036 revocari.
1006 998 1061 1036 At
1083 999 1146 1049 qui
1177 1011 1258 1036 esse
1280 1004 1405 1049 potest
1426 1000 1542 1037 vestis
1566 1001 1725 1051 simplici

140 1068 343 1105 ministerio
370 1066 510 1104 Christi
536 1064 776 1108 conveniens,
802 1075 887 1114 quae
911 1062 1058 1100 theatro
1084 1069 1122 1100 et
1145 1075 1298 1113 pompae
1325 1064 1524 1101 sacerdotii
1550 1065 1725 1115 papistici

140 1131 349 1169 serviebat?
404 1131 537 1181 Neque
560 1129 660 1166 enim
692 1127 901 1179 (quomodo
925 1127 1042 1164 nostri
1071 1126 1205 1177 pietati
1228 1132 1307 1164 tuae
1330 1127 1574 1180 persuadent)
1604 1129 1723 1180 pileus

139 1196 298 1248 quadrus
336 1200 374 1232 et
411 1200 585 1232 externus
621 1192 779 1230 vestitus
817 1192 1052 1229 solummodo
1089 1191 1303 1241 exiguntur,
1345 1191 1408 1229 sed
1447 1193 1562 1230 etiam
1605 1206 1722 1231 sacrae

136 1267 256 1299 vestes
274 1261 313 1297 in
339 1259 481 1310 templo
508 1257 740 1302 adhibentur,
767 1256 1077 1307 superpellicium,
1105 1269 1171 1292 seu
1195 1256 1278 1293 alba
1298 1255 1401 1294 chori
1426 1257 1552 1301 vestis,
1574 1262 1612 1295 et
1631 1270 1723 1308 capa

136 1330 366 1369 revocantur,
411 1336 496 1375 quae
537 1321 723 1359 Judaismi
767 1320 962 1368 μιμήματα
1005 1321 1177 1372 quaedam
1214 1333 1295 1358 esse
1334 1326 1372 1357 et
1411 1321 1606 1359 simulacra
1642 1334 1720 1359 non

138 1390 252 1427 modo
279 1388 438 1439 papistae
460 1388 531 1438 ipsi
560 1387 598 1423 in
627 1386 703 1423 suis
728 1386 830 1424 libris
858 1386 1064 1430 clamitant,
1092 1386 1159 1422 sed
1184 1385 1305 1435 pietas
1332 1390 1397 1422 tua
1424 1398 1501 1423 non
1529 1386 1644 1424 semel
1673 1399 1720 1423 ex

138 1453 363 1492 Innocentio
392 1452 528 1489 docuit.
591 1451 638 1488 D.
667 1450 858 1500 Martyris,
889 1450 1132 1501 praeceptoris
1162 1449 1281 1487 nostri
1317 1450 1584 1495 colendissimi,
1616 1451 1720 1487 testi-

136 1517 265 1555 monio
296 1517 454 1554 libenter
483 1515 757 1553 subscribimus.
813 1515 888 1552 Sed
913 1528 999 1566 quae
1027 1515 1088 1552 ille
1119 1514 1225 1552 affert
1253 1514 1435 1565 exempla,
1466 1515 1513 1552 ad
1542 1515 1720 1552 decorum

137 1588 176 1619 et
211 1580 377 1619 ordinem
414 1580 627 1631 pertinent:
666 1579 752 1617 haec
791 1580 986 1618 eeclesiam
1020 1579 1240 1624 deformant,
1282 1578 1457 1630 εὐταξίαν
1488 1579 1718 1629 perturbant,

134 1645 416 1684 condecentiam
452 1657 601 1681 omnem
635 1649 813 1682 evertunt.
882 1645 953 1682 Illa
991 1644 1123 1681 lumini
1164 1649 1310 1681 naturae
1351 1648 1590 1693 congruunt3
1634 1642 1718 1681 haec

133 1710 352 1761 prodigiosa
384 1714 422 1746 et
451 1714 662 1746 monstrosa
695 1715 793 1746 sunt.
863 1709 944 1753 Illa,
979 1709 1090 1759 juxta
1126 1707 1347 1746 Tertulliani
1378 1707 1559 1757 regulam,
1596 1720 1719 1745 meras

134 1772 376 1811 necessitates
407 1778 444 1809 et
475 1772 654 1809 utilitates
684 1772 890 1818 habebant3
924 1772 1008 1810 haec
1035 1773 1166 1823 inepta
1196 1784 1346 1823 prorsus
1379 1776 1417 1808 et
1446 1784 1719 1821 supervacanea

134 1843 173 1874 et
200 1836 346 1873 inutilia
379 1842 476 1881 sunt,
509 1850 579 1874 nec
610 1836 852 1874 aedificationi
884 1850 954 1874 nec
988 1837 1053 1874 ulli
1085 1837 1188 1874 bono
1218 1836 1300 1873 usui
1339 1835 1612 1873 conducentia:
1652 1836 1716 1873 sed

135 1900 270 1945 verius,
299 1900 357 1952 (ut
394 1900 559 1951 ejusdem
584 1901 761 1951 Martyris
792 1901 909 1938 nostri
936 1901 1058 1938 verbis
1091 1899 1275 1951 utamur,)
1308 1900 1435 1944 cultui,
1460 1913 1571 1950 quem
1605 1900 1719 1938 hodie

132 1971 316 2016 quotquot
344 1965 396 2016 pii
425 1971 512 2002 sunt
535 1971 765 2010 execrantur,
792 1965 984 2016 splendide
1013 1965 1269 2003 inservierunt.
1324 1965 1497 2002 vestium
1523 1964 1717 2002 ecclesias—

129 2030 287 2067 ticarum
314 2029 513 2067 discrimen
542 2028 652 2066 hodie
680 2035 871 2079 receptum
904 2030 1130 2080 papisticum
1159 2043 1241 2067 esse
1270 2029 1477 2075 inventum,
1510 2028 1582 2079 ipsi
1610 2029 1716 2079 papi-

131 2094 225 2131 colae
259 2093 478 2143 gloriantur,
507 2093 670 2131 Othonis
703 2095 991 2132 constitutiones
1022 2095 1236 2145 loquuntur,
1270 2094 1362 2131 liber
1393 2092 1621 2144 pontificalis
1654 2106 1716 2130 os-

129 2157 264 2202 tendit,
286 2158 383 2195 oculi
410 2163 448 2194 et
476 2171 541 2195 ora
569 2158 738 2196 omnium
762 2159 1017 2209 comprobant.
1066 2158 1168 2196 Usus
1197 2164 1235 2195 et
1263 2158 1500 2208 templorum,
1530 2156 1716 2207 stipendii,

129 2222 317 2272 baptismi,
347 2222 518 2272 symboli,
547 2228 617 2259 etc.
651 2228 739 2260 ante
768 2236 906 2274 papam
935 2228 1066 2259 natum
1100 2223 1224 2260 divino
1254 2222 1428 2259 instituto
1461 2221 1634 2259 inolevit:
1677 2227 1715 2258 et

128 2299 213 2323 cum
233 2285 464 2336 Augustino,
495 2287 670 2337 quicquid
699 2287 739 2324 in
767 2287 891 2338 aliqua
920 2286 1054 2324 haeresi
1079 2287 1244 2325 divinum
1273 2300 1316 2324 ac
1344 2286 1554 2336 legitimum
1577 2285 1714 2336 reperi-

128 2362 224 2394 mUS,
249 2350 287 2386 id
311 2351 570 2400 approbamus,
590 2351 807 2397 retinemus,
832 2365 909 2388 non
936 2351 1157 2388 inficiamur.
1213 2351 1301 2388 Hoc
1328 2357 1453 2388 autem
1474 2350 1562 2401 quia
1581 2349 1714 2386 erroris

127 2413 224 2450 illius
260 2427 301 2450 ac
330 2414 573 2451 dissensionis
609 2415 799 2464 proprium
837 2423 906 2460 est,
941 2416 1121 2453 veraciter
1158 2428 1242 2453 cum
1281 2415 1412 2452 eodem
1450 2414 1641 2464 arguimus
1676 2419 1715 2451 et

130 2490 315 2514 sanamus.

209 2541 320 2585 Quod
350 2540 466 2585 addis,
499 2554 578 2579 rem
604 2543 816 2580 vestiariam
849 2544 894 2581 ab
928 2544 1037 2582 initio
1069 2544 1344 2582 reformationis
1372 2557 1450 2582 non
1481 2543 1597 2581 fuisse
1623 2544 1713 2581 abo-

128 2604 246 2646 litam,
273 2604 311 2640 in
335 2617 378 2640 ea
400 2617 523 2642 rursus
552 2606 672 2643 nostri
698 2607 853 2644 minime
880 2621 967 2645 vera
993 2609 1210 2646 retulerunt.
1266 2607 1401 2645 Multis
1421 2607 1521 2646 enim
1545 2607 1585 2644 in
1606 2607 1712 2652 locis,

128 2666 354 2703 serenissimi
376 2668 477 2717 regis
503 2669 665 2706 Edvardi
684 2670 753 2708 VI.
782 2672 1027 2721 temporibus,
1046 2673 1186 2723 absque
1212 2672 1471 2723 superpellicio
1500 2684 1609 2709 coena
1632 2672 1712 2709 Do—

125 2730 220 2767 mini
255 2743 345 2780 pure
381 2731 653 2770 celebrabatur:
696 2740 735 2771 et
770 2748 875 2785 capa,
913 2749 999 2786 quae
1045 2742 1126 2773 tum
1163 2737 1249 2787 lege
1291 2737 1471 2786 abrogata
1507 2741 1576 2781 est,
1612 2748 1711 2773 nunc

125 2790 276 2840 publico
308 2791 456 2828 decreto
491 2794 665 2831 restituta
701 2801 770 2833 est.
838 2796 928 2834 Hoc
960 2810 1037 2834 non
1071 2803 1129 2835 est
1159 2798 1371 2848 papismum
1409 2797 1607 2848 extirpare,
1646 2796 1711 2833 sed

124 2854 249 2891 denuo
278 2854 465 2904 plantare;
499 2868 578 2894 non
600 2857 638 2895 in
664 2859 804 2909 pietate
833 2860 1027 2910 proficere,
1055 2863 1121 2899 sed
1148 2862 1319 2900 deficere.
1374 2861 1563 2900 Vestitum
1593 2873 1712 2897 sacer-

123 2917 289 2955 dotalem
314 2919 460 2956 civilem
484 2932 563 2957 esse
589 2921 667 2958 ais:
699 2923 1014 2972 monachismum,
1037 2926 1263 2976 papismum,
1289 2925 1523 2964 Judaismum
1544 2924 1711 2962 redolere

124 2994 252 3032 negas.
309 2983 368 3021 De
391 2984 648 3035 superpellicio
672 2987 760 3037 quid
782 2988 968 3027 blaterent
989 2990 1164 3041 papistae,
1195 2990 1345 3029 habitus
1368 2990 1586 3030 clericorum
1611 2989 1710 3041 apud
