1845 3233
82 124 190 181 X1V.]
334 137 543 165 JoHANNEs
573 136 747 163 JUELLUS
779 136 834 161 AD
866 134 1079 161 IIENRICUM
1116 134 1419 160 BULLINGERUM.
1611 121 1665 161 19

639 322 937 365 EPISTOLA
981 322 1117 363 XIV.

231 480 489 511 JOHANNES
513 478 726 509 JUELLUS
755 478 824 509 AD
853 476 1112 508 HENRICUM
1145 473 1520 506 BULLINGERUM.

163 567 198 604 S.
220 566 263 604 Ρ.
321 566 601 603 Gnmrssmffl
626 571 732 603 erant
750 564 845 602 mihi
866 564 1170 614 Parkhurstoque
1195 574 1281 599 meo
1308 562 1428 599 liter-te
1448 566 1539 606 tuce,
1561 572 1669 597 orna—

82 632 226 669 tissime
250 632 315 675 vir‚
346 632 406 668 vel
429 632 531 682 quod
557 637 681 668 essent
707 643 728 667 a
756 636 808 674 te,
838 630 899 667 cui
929 634 1108 679 quantum
1135 627 1339 664 debeamus
1364 638 1558 676 nunquam
1584 638 1668 676 pos-

82 709 211 734 sumus
239 696 423 740 oblivisci,
445 696 504 733 vel
527 695 628 746 quod
656 693 854 731 suavitatis
884 699 922 730 et
950 691 1196 729 humanitatis
1221 704 1313 741 erga
1343 703 1413 728 nos
1440 697 1530 735 tuae,
1557 702 1666 740 quam

82 768 165 798 toto
184 774 254 798 nos
277 766 447 810 tempore
474 760 576 797 exilii
596 759 716 797 nostri
740 758 884 809 experti
910 771 1038 795 sumus
1061 757 1278 801 maximam,
1309 755 1490 793 altissima
1509 754 1673 803 vestigia

82 825 296 862 retinerent.
351 826 477 875 Atque
496 825 639 861 utinam
657 823 842 874 possimus
861 822 1062 873 aliquando
1076 821 1228 872 pietatis
1247 827 1324 858 tuoe
1344 825 1488 871 partem
1508 818 1670 869 aliquam

83 891 349 940 compensare!
409 889 600 940 Quicquid
627 888 710 933 crit,
732 887 879 925 animus
904 892 1004 924 certe
1029 885 1138 923 nobis
1165 898 1355 936 nunquam
1383 884 1513 922 deerit.
1556 882 1670 928 Quod

82 967 152 991 nos
186 953 358 999 hortaris,
393 960 434 991 ut
462 960 611 991 strenue
639 966 683 990 ac
709 951 854 989 fortiter
881 964 951 988 nos
985 963 1171 1000 geramus,
1206 955 1285 987 erat
1316 949 1380 986 ille
1412 948 1560 986 aculeus
1591 959 1669 984 non

82 1024 229 1056 tantum
254 1032 331 1056 non
357 1019 527 1068 ingratus
553 1016 674 1062 nobis,
698 1016 764 1053 sed
791 1015 904 1052 etiam
930 1027 1028 1065 pene
1051 1014 1294 1052 necessarius.
1352 1013 1474 1052 Nobis
1499 1013 1600 1050 enim
1629 1011 1670 1048 in

84 1083 154 1121 hoc
179 1090 347 1134 tempore
371 1096 449 1120 non
479 1087 627 1119 tantum
652 1094 737 1119 cum
765 1079 994 1123 adversariis,
1020 1079 1086 1116 sed
1111 1078 1224 1115 etiam
1252 1091 1337 1116 cum
1360 1078 1492 1115 amicis
1517 1075 1669 1119 nostris,

84 1148 165 1199 (qui
186 1147 369 1198 proximis
392 1146 473 1183 istis
498 1146 606 1183 annis
630 1159 652 1182 a
674 1145 784 1182 nobis
810 1144 1025 1182 defecerunt
1048 1149 1087 1181 et
1113 1156 1197 1180 cum
1220 1142 1391 1180 hostibus
1415 1142 1670 1192 conjurarunt,

79 1213 235 1263 jamque
257 1211 377 1249 acrius
400 1211 518 1248 multo
544 1215 582 1247 et
603 1209 862 1248 contumacius
886 1209 1066 1245 resistunt
1084 1221 1195 1258 quam
1220 1207 1285 1245 ulli
1308 1204 1469 1257 liostes‚)
1496 1205 1669 1256 quodque

83 1275 389 1314 molestissimum
423 1281 491 1319 est,
524 1288 609 1312 cum
645 1273 809 1324 reliquiis
843 1272 1113 1323 Hispanorum,
1151 1271 1225 1308 hoe
1253 1276 1323 1315 est,
1357 1284 1441 1307 cum
1468 1269 1670 1307 teterrimis

86 1341 197 1385 vitiis,
222 1339 404 1390 superbia,
425 1339 526 1383 luxu,
546 1338 714 1383 libidine,
734 1337 949 1374 luctandum
974 1342 1043 1373 est.
1099 1335 1271 1374 Facimus
1297 1335 1447 1386 quidem
1470 1347 1554 1379 nos,
1580 1333 1670 1371 feci-

84 1417 253 1454 musque,
281 1403 380 1453 quod
404 1403 606 1454 potuimus.
664 1402 767 1439 Deus
786 1401 883 1438 bene
902 1401 1081 1445 fortunet,
1109 1406 1146 1436 et
1165 1400 1227 1437 det
1246 1399 1538 1437 incrementum!
1596 1397 1670 1435 Sed

82 1469 136 1506 ita
153 1468 336 1506 hactenus
355 1468 526 1514 vivimus,
550 1473 591 1504 ut
610 1467 672 1504 vix
692 1466 883 1504 videamur
902 1465 1064 1502 restituti
1086 1465 1132 1502 ab
1153 1464 1280 1502 exilio.
1336 1464 1395 1502 Ne
1416 1464 1535 1501 dicam
1557 1463 1670 1507 aliud,

86 1547 131 1570 ne
155 1546 261 1570 suum
285 1533 433 1583 quidem
459 1532 580 1569 adhuc
604 1531 819 1569 restitutum
845 1536 903 1567 est
928 1530 1100 1580 cuiquam
1126 1534 1317 1566 nostrum:
1347 1540 1572 1578 quanquam,
1602 1527 1672 1564 etsi

84 1598 244 1635 molesta
272 1597 382 1634 nobis
414 1603 471 1634 est
505 1597 578 1634 ista
609 1602 687 1633 tam
723 1595 896 1632 diuturna
933 1593 1158 1644 expectatio,
1188 1598 1316 1630 tamen
1347 1605 1425 1629 non
1460 1591 1672 1629 dubitamus

85 1662 183 1700 brevi
201 1667 302 1699 recte
319 1661 412 1698 fore.
470 1660 668 1698 Habemus
688 1659 788 1697 enim
809 1659 979 1709 reginam
1003 1664 1040 1695 et
1062 1658 1284 1708 prudentem
1310 1662 1347 1694 et
1365 1657 1480 1707 piam,
1506 1662 1544 1693 et
1562 1656 1672 1693 nobis

84 1727 271 1764 faventem
304 1732 342 1763 et
374 1725 587 1776 propitiam.
655 1724 806 1775 Religio
840 1723 1012 1761 restituta
1047 1729 1104 1760 est
1135 1722 1173 1759 in
1207 1735 1292 1759 eum
1328 1722 1465 1765 locum,
1497 1733 1570 1770 quo
1604 1720 1671 1757 sub

92 1791 260 1828 Edvardo
285 1802 375 1839 rege
405 1789 541 1826 fuerat:
573 1789 620 1826 ad
645 1802 727 1826 eam
752 1802 829 1826 rem
857 1801 933 1825 non
960 1787 1088 1825 dubito
1111 1792 1196 1825 tuas
1222 1785 1512 1837 reipublieaeque
1537 1790 1671 1821 vestm».

83 1856 208 1892 literas
237 1860 274 1891 et
298 1853 578 1890 exhortationes
602 1853 761 1890 multum
790 1852 966 1904 ponderis
993 1852 1175 1889 attulisse.
1231 1851 1380 1901 Regina
1404 1863 1482 1887 non
1506 1849 1584 1886 vult
1608 1862 1672 1899 ap-

87 1919 213 1969 pellari
250 1923 314 1954 aut
345 1917 455 1954 scribi
489 1924 602 1967 caput
635 1917 806 1954 ecclesiae
844 1915 1094 1966 Anglicanae:
1134 1916 1297 1965 graviter
1330 1915 1430 1952 enim
1464 1913 1671 1963 respondit,

88 1984 187 2020 illam
217 1982 442 2031 dignitatem
469 1981 539 2019 soli
567 1981 785 2018 attributam
815 1994 896 2018 esse
925 1980 1091 2025 Christo,
1122 1979 1265 2017 nemini
1300 1984 1427 2016 autem
1458 1977 1672 2015 mortalium

88 2045 312 2089 ‹eonvenire3
338 2044 472 2082 deinde
493 2045 576 2083 illos
600 2045 727 2083 titulos
751 2046 803 2083 ita
827 2045 927 2083 foede
954 2045 1232 2082 contaminatos
1259 2058 1340 2082 esse
1364 2044 1410 2080 ab
1437 2041 1672 2086 antichristo,

90 2117 127 2147 ut
149 2111 230 2159 jam
255 2121 332 2146 non
355 2109 503 2159 possint
528 2109 686 2159 amplius
715 2109 805 2146 satis
831 2109 892 2160 pie
919 2122 941 2146 a
964 2122 1150 2159 quoquam
1177 2108 1355 2159 usurpari.

168 2173 386 2211 Academia!
415 2178 554 2210 nostrae
573 2173 627 2210 ita
650 2173 800 2211 afflictae
825 2179 913 2211 sunt
931 2179 969 2210 et
987 2173 1157 2224 perditae,
1185 2178 1225 2209 ut
1248 2171 1391 2209 Oxonii
1409 2171 1473 2208 vix
1492 2171 1565 2208 duo
1584 2170 1671 2211 sint,

88 2239 150 2289 qui
178 2238 373 2275 nobiscum
401 2236 578 2281 sentiant,
607 2243 644 2274 et
673 2237 724 2274 illi
755 2237 826 2289 ipsi
852 2237 905 2274 ita
934 2237 1072 2286 abjecti
1104 2242 1142 2274 et
1174 2236 1292 2279 fracti,
1327 2241 1367 2273 ut
1396 2236 1490 2273 nihil
1514 2235 1672 2285 possint.

95 2305 102 2340 Ι
111 2310 149 2340 ta
169 2303 260 2339 Soto
284 2302 513 2345 fraterculus,
540 2307 578 2338 ct
597 2301 702 2346 alius,
726 2301 856 2338 nescio
881 2301 974 2351 quis,
1007 2300 1200 2351 Hispanus
1226 2299 1445 2344 monachus,
1467 2300 1595 2337 omnia
1614 2313 1671 2343 ea,

89 2380 174 2418 quae
195 2367 243 2404 D.
274 2366 405 2403 Petrus
426 2366 572 2416 Martyr
596 2365 844 2416 pulcherrime
868 2365 1114 2415 plantaverat,
1141 2370 1354 2402 everterunt
1372 2377 1394 2400 a
1412 2364 1610 2409 radicibus,
1635 2370 1674 2401 et

89 2432 235 2469 vineam
262 2430 416 2468 Domini
443 2431 670 2480 redegerunt
703 2429 741 2466 in
769 2430 1022 2467 solitudinem.
1087 2429 1162 2466 Vix
1186 2429 1317 2466 credas
1350 2434 1494 2465 tantam
1519 2429 1672 2466 vastita-

88 2504 165 2534 tem
202 2495 324 2533 afferri
354 2494 522 2545 potuisse
558 2501 637 2531 tam
669 2507 783 2544 parvo
816 2500 997 2544 tempore.
1067 2494 1193 2539 Quare
1222 2493 1291 2530 etsi
1324 2506 1503 2541 magnam
1533 2493 1670 2543 alioqui

86 2561 319 2611 voluptatem
338 2565 512 2609 capturus
532 2559 614 2603 sim,
635 2558 665 2595 si
684 2559 741 2595 vel
761 2571 891 2596 canem
911 2558 1135 2608 Tigurinum
1153 2557 1278 2595 videre
1293 2570 1443 2608 possem
1460 2557 1497 2593 in
1517 2556 1671 2608 Augfia,

87 2632 214 2663 tamen
237 2638 315 2662 non
341 2638 492 2675 possum
519 2637 600 2661 esse
629 2629 759 2660 auctor
782 2623 854 2660 hoc
877 2629 1057 2673 tempore,
1090 2629 1131 2659 ut
1149 2623 1304 2672 juvenes
1328 2627 1472 2659 vestros
1499 2627 1563 2659 aut
1589 2622 1673 2659 lite-

88 2703 209 2727 rarum
239 2696 302 2725 aut
325 2688 519 2739 religionis
545 2701 654 2726 causa
679 2688 726 2725 ad
748 2701 818 2725 nos
842 2688 1013 2732 mittatis,
1040 2687 1113 2724 nisi
1138 2687 1287 2724 eosdem
1312 2687 1453 2724 remitti
1479 2686 1602 2723 velitis
1625 2687 1671 2724 ad

90 2766 155 2791 vos
185 2754 320 2803 impios
348 2760 386 2791 et
416 2753 604 2790 barbaros.
659 2752 825 2802 Rogavit
852 2765 912 2789 me
942 2765 1060 2802 nuper
1089 2752 1137 2789 D.
1168 2752 1375 2796 Russelius‚
1407 2764 1478 2802 qua
1510 2751 1674 2788 maxime

88 2831 126 2855 re
159 2825 284 2868 posset
315 2819 383 2855 tibi
413 2818 568 2868 aliisque
605 2817 678 2854 tuis
708 2816 879 2853 fratribus
913 2822 951 2853 et
983 2816 1188 2866 symmistis
1218 2822 1364 2866 gratum
1396 2816 1527 2853 facere.
1587 2815 1675 2852 Hoc

89 2882 265 2920 videlicet
293 2882 423 2927 sensit,
456 2882 548 2919 velle
579 2895 618 2918 se
650 2880 895 2918 humanitatis
925 2887 1072 2927 vestrze,
1104 2893 1214 2931 quam
1244 2893 1390 2930 semper
1415 2879 1608 2930 praedicat‚
1639 2886 1677 2916 et

91 2946 246 2998 hospitii
279 2960 390 2984 causa
415 2946 554 2997 aliquid
579 2946 626 2984 ad
654 2959 719 2984 vos
749 2946 848 2984 dono
876 2946 1037 2984 mittere.
1094 2945 1179 2995 Ego
1202 2958 1290 2983 vcro
1313 2944 1406 2982 nihil
1432 2944 1501 2981 tibi
1527 2944 1677 2994 tuisque

1428 3010 1559 3038 cto-o

1453 3037 1476 3048 μή
