1845 3233
224 632 321 658 Emsr.

238 737 288 768 11.

230 798 299 829 111.

236 861 297 892 IV.

231 985 295 1015 Vl.

223 1046 308 1077 VII.

213 1108 318 1140 VIII.

237 1169 300 1201 IX.

236 1293 300 1324 Xl.

229 1354 314 1385 XII.

220 1415 326 1447 XIII.

222 1476 323 1508 XIV.

229 1539 307 1570 XV.

223 1600 320 1632 XVI.

213 1663 331 1695 XVII.

204 1726 343 1758 XVIII.

224 1790 326 1821 XIX.

233 1850 314 1881 XX.

226 1911 328 1942 XXI.

218 1974 338 2005 XXII.

206 2034 348 2066 XXIII.

212 2096 344 2127 XXIV.

223 2158 334 2191 XXV.

212 2221 345 2253 XXVI.

203 2281 358 2314 XXVII.

195 2344 370 2377 XXVIII.

215 2407 349 2439 XXIX.

227 2468 341 2501 XXX.

217 2530 353 2562 XXXI.

210 2589 366 2622 XXXII.

198 2651 376 2685 XXXIII.

202 2713 371 2747 XXXIV.

216 2775 366 2808 XXXV.

206 2836 373 2870 XXXVI.

196 2899 388 2932 XXXVII.

692 363 1037 407 TABULA.

1507 622 1568 647 ΡΑυ

420 674 583 705 TnomAs
599 672 775 703 SAMPsox
792 670 830 701 ad
849 671 979 701 Petrum
998 670 1173 708 Martyrem
1199 687 1500 700 ........................
1566 665 1577 694 l

422 734 575 765 Edwinus
589 733 713 764 Sandus
726 733 766 763 ad
783 732 959 762 Hem-icum
971 732 1193 771 Bullingerum
1199 751 1501 762 ........................
1564 728 1583 756 ‘2

420 797 442 827 J
446 797 584 827 ohannes
598 795 618 825 J
624 794 727 825 uellus
741 794 781 824 ad
798 794 927 825 Petrum
944 793 979 823 M
985 800 1118 832 artyrem
1123 812 1502 824 ..............................
1564 791 1583 817 3

423 859 513 890 Idem
528 857 568 888 ad
582 856 715 888 eundem
737 875 1503 887 ............................................................
1567 853 1584 879 5

424 921 515 951 Idem
529 920 570 950 ad
583 919 717 950 eundem
736 937 1504 950 ............................................................
1566 913 1584 947 7

425 983 515 1013 Idem
529 981 569 1011 ad
583 980 717 1011 eundem
738 998 1504 1010 ............................................................
1567 977 1584 1003 Η

426 1044 517 1074 Idem
531 1042 572 1073 ad
584 1041 720 1072 eundem
739 1059 1505 1070 ............................................................
1552 1035 1560 1064 1
1572 1035 1581 1064 1

424 1107 445 1136 .I
450 1106 588 1136 ohannes
604 1104 713 1135 Foxus
729 1102 769 1133 ad
784 1102 958 1133 IIeancum
976 1101 1199 1139 Bullingerum
1205 1120 1505 1130 ........................
1553 1098 1587 1127 12

425 1168 445 1197 J
451 1167 589 1198 ohannes
602 1166 625 1196 J
630 1165 733 1196 uellus
751 1164 791 1195 ad
807 1164 935 1194 Petrum
951 1163 1124 1201 Martyrem
1129 1182 1507 1192 ..............................
1554 1159 1589 1188 13

426 1230 589 1260 Johannes
604 1228 629 1258 F
631 1238 713 1258 oxus
726 1227 766 1257 ad
782 1226 958 1257 Hem-icum
973 1225 1196 1263 Bullingerum
1207 1244 1507 1253 ........................
1556 1220 1589 1250 14

429 1290 586 1321 Ricardus
601 1291 710 1321 Coxus
725 1289 765 1320 ad
783 1288 1015 1326 x1⁷01fgang11111
1031 1286 1239 1318 Weidnerum
1245 1307 1508 1316 .....................
1555 1283 1589 1312 15.

427 1352 592 1382 Johaunes
610 1350 821 1381 Parkhurstus
836 1349 877 1380 ad
894 1348 1068 1379 Ilenricum
1084 1348 1306 1385 Bullingerum
1324 1368 1510 1378 ...............
1557 1345 1590 1379 15

431 1413 522 1444 Idem
537 1414 577 1443 ad
593 1412 774 1444 Conradum
789 1412 964 1442 Gesnerum
975 1428 1512 1441 ..........................................
1558 1406 1593 1435 1⁸

428 1473 593 1504 Johannes
607 1473 628 1503 J
633 1473 737 1503 uellus
750 1473 790 1503 ad
807 1472 983 1502 Hem-icum
1000 1471 1225 1510 Bullingerum
1247 1491 1512 1500 .....................
1558 1467 1592 1496 12·

425 1536 589 1567 ,johannes
606 1536 714 1565 Foxus
728 1535 768 1565 ad
782 1534 916 1565 eundem
923 1553 1513 1565 ..............................................
1556 1530 1594 1558 20

427 1598 449 1628 ,J
453 1598 592 1628 ohannes
606 1597 628 1627 J
633 1597 736 1627 uellus
753 1596 794 1627 ad
810 1596 940 1626 Petrum
956 1595 1131 1634 Martyrem
1136 1614 1516 1626 ..............................
1559 1590 1597 1619 ‘22

426 1661 447 1691 ‚J
451 1660 589 1691 ohannes
605 1659 715 1689 Foxus
728 1659 768 1689 ad
783 1658 958 1689 Iienricum
975 1658 1198 1697 Bullingerum
1212 1674 1515 1686 ........................
1559 1652 1597 1681 22·-

432 1724 522 1754 Idem
537 1722 576 1753 ad
591 1722 726 1753 eundem
748 1738 1517 1752 ...........................................................
1559 1715 1597 1744 24

429 1787 594 1817 .Iohannes
607 1785 629 1815 J
635 1785 738 1816 uellus
753 1784 793 1814 ad
810 1784 939 1814 Petrum
956 1783 1131 1821 Martyrem
1137 1800 1517 1812 ..............................
1561 1777 1598 1804 ‘25-

432 1847 523 1877 Idem
538 1846 579 1876 ad
593 1845 800 1885 Rodolphmn
817 1844 1003 1874 Gualterum
1021 1861 1517 1872 .......................................
1560 1838 1597 1871 27

433 1909 596 1938 Johannes
611 1906 826 1937 Parkhurstus
840 1904 880 1934 ad
893 1904 1075 1934 Johannem
1095 1902 1288 1942 IVoIphium
1293 1923 1518 1932 ..................
1561 1899 1600 1927 23

432 1971 596 2001 Johannes
610 1968 739 1998 duellus
755 1967 795 1997 ad
810 1967 833 1996 J
836 1967 935 1996 osiam
951 1966 1120 1996 Simlerum
1138 1984 1519 1995 ..............................
1562 1961 1600 1989 29

436 2032 523 2062 Idem
538 2030 577 2060 ad
596 2030 724 2060 Petrum
741 2028 914 2067 Martyrem
932 2045 1519 2059 ..............................................
1563 2022 1601 2050 3⁰

438 2093 526 2123 Idem
541 2091 581 2122 ad
595 2091 1521 2121 eundem
1565 2083 1597 2111 :21

438 2155 527 2185 Idem
543 2154 582 2184 ad
597 2152 1521 2184 eundem
1565 2145 1602 2173 :53

433 2218 597 2248 ,lohannes
616 2215 828 2245 Parkhurstus
848 2214 887 2244 ad
902 2213 1026 2243 Josiam
1042 2212 1520 2241 Simlerum........................
1565 2208 1602 2235 :2⁴

442 2279 582 2309 Thomas
598 2280 752 2317 Sampson
767 2276 806 2306 ad
824 2275 953 2305 Petrum
968 2273 1143 2312 R'Iartyrem
1565 2267 1603 2294 35»

441 2341 596 2373 Ricardus
613 2342 722 2371 (Joxus
737 2338 776 2369 ad
791 2338 925 2368 eundem
947 2352 1522 2366 .............................................
1565 2330 1604 2357 3ss

438 2404 602 2434 ,lohannes
617 2402 746 2432 Juellus
760 2401 799 2430 ad
815 2399 949 2430 eundem
1565 2391 1602 2418 :m

444 2465 531 2496 Idem
547 2464 586 2494 ad
601 2463 735 2494 eundem
744 2475 1523 2493 .............................................................
1567 2454 1604 2480 4⁰

441 2528 594 2557 Edwinus
610 2525 734 2555 Sandus
747 2523 787 2554 ad
803 2522 936 2553 eundem
952 2536 1525 2551 .............................................
1568 2514 1606 2542 42

446 2586 587 2616 Thomas
601 2586 755 2623 Sampson
773 2581 812 2612 ad
827 2580 960 2611 eundem
966 2598 1526 2611 ............................................
1570 2576 1605 2603 4⁴

444 2648 606 2679 Johannes
621 2646 751 2676 suenus
765 2644 805 2674 ad
820 2643 954 2674 eundem
968 2660 1527 2673 ............................................
1570 2639 1608 2666 4:-

443 2711 534 2741 Idem
549 2709 587 2739 ad
602 2707 737 2739 eundem
757 2722 1527 2736 ............................................................
1570 2699 1607 2731 4Ι

448 2772 588 2802 Thomas
608 2770 746 2800 Leverus
761 2767 800 2797 ad
817 2766 992 2796 Hem-icum
1010 2763 1233 2801 Bullingerum
1249 2784 1256 2792 .
1266 2783 1528 2792 .....................
1573 2763 1610 2789 4ἐο

444 2834 608 2865 ,rabanum-
622 2830 752 2861 suenus
766 2828 805 2859 ad
824 2828 954 2858 Petrum
970 2826 1144 2863 Martyrem
1151 2843 1530 2854 ..............................
1575 2822 1612 2849 :32⁷

447 2895 610 2926 ⁸Iohannes
627 2892 840 2922 Parkhurstus
855 2889 893 2919 ad
912 2888 1084 2919 lienricum
1103 2885 1327 2923 Bullingerum
1344 2900 1581 2914 ................
1581 2885 1588 2888 “
1586 2882 1612 2909 ,ῑῖ
