1845 3233
153 149 349 207 mcxxxii]
369 166 574 192 ,κοπιῶ-ηε
596 163 885 191 mmumns'rus
907 162 960 188 An
980 162 1222 189 Rooownmn
1243 164 1505 200 GUALTERUM9
1531 150 1604 193 &a
1641 155 1720 194 121

627 300 926 344 EPISTOLA
969 300 1246 345 LXXXIII.

183 451 439 483 JOHANNES
468 452 820 483 PARKUURSTUS
845 453 914 483 AD
945 452 1253 484 RODOLPIIUM
1287 453 1591 487 GUALTERUM
1627 455 1688 488 ΕΤ

609 509 867 541 HENRICUM
900 509 1272 540 BULLINGERUM.

231 583 394 620 Scml‘s1
417 583 542 621 literas
561 583 608 620 ad
625 596 690 621 vos
711 583 749 620 in
769 583 881 620 finem
902 583 1108 621 Februarii:
1129 596 1236 634 spero
1254 596 1335 621 esse
1354 585 1526 624 redditas.
1571 589 1608 623 ll
1627 587 1720 625 Maii

154 647 360 697 Bullingeri
407 654 446 685 et
487 647 659 685 Lavateri
698 648 821 685 literas
861 648 1003 699 accepi,
1039 655 1121 685 tuas
1162 661 1262 694 vero,
1307 649 1492 695 Gualtere‚
1540 653 1587 689 18
1629 653 1724 703 ejus-

151 713 235 749 ‹lem
260 712 412 750 mensis.
448 712 598 763 Regina
619 711 758 750 Scotiae
780 725 800 749 c
819 725 965 750 carcere
990 713 1106 749 evasit
1131 713 1229 750 cirea
1253 713 1352 750 idem
1377 720 1535 766 tempus.
1583 715 1725 756 Cruen—

150 784 228 813 tum
265 776 387 814 subito
422 777 661 814 commissum
691 784 749 814 est
778 776 950 827 proelium
982 777 1082 814 inter
1111 777 1275 827 papistas
1310 778 1471 828 Regina».
1503 781 1657 826 amieos,
1687 789 1723 820 et

150 847 398 889 protestantes
431 841 530 892 regis
562 840 737 878 fautores.
808 840 891 886 Illa,
920 853 1005 878 cum
1043 841 1180 878 bellum
1209 841 1378 886 ferveret,
1412 843 1450 880 in
1487 845 1580 882 colle
1615 848 1722 885 celeri

149 918 247 955 equo
276 905 440 943 insidens
474 905 601 942 onmia
631 904 749 942 oculis
781 905 970 943 lustrabat.
1027 904 1101 942 Sed
1133 918 1217 943 eum
1249 907 1402 944 tandem
1435 907 1575 947 videret
1606 911 1723 949 victo-

149 969 240 1007 riam
273 970 428 1008 cessisse
460 970 507 1007 D.
530 969 675 1007 Jacobo
698 975 737 1006 et
766 969 855 1014 suis,
887 969 1033 1019 aufugit
1059 983 1142 1008 cum
1172 971 1298 1021 paucis
1326 971 1363 1008 in
1396 971 1584 1022 Angliam.
1641 976 1723 1014 Ma-

150 1034 218 1071 luit
239 1034 337 1072 enim
364 1048 404 1072 se
423 1034 558 1084 Anglis
585 1033 833 1077 committere,
856 1046 966 1084 quam
992 1034 1068 1071 suis
1088 1034 1230 1072 Seotis:
1260 1041 1298 1072 et
1322 1036 1433 1074 credo
1457 1038 1570 1076 tutius
1594 1039 1719 1079 fuisse.

150 1099 243 1149 Agit
267 1100 346 1149 jam
378 1099 552 1144 Carleoli,
586 1098 622 1136 in
655 1099 740 1136 loeo
771 1098 861 1136 satis
891 1098 1048 1144 munito,
1087 1099 1187 1137 brevi
1217 1099 1254 1136 in
1285 1100 1409 1138 medio
1439 1100 1593 1152 Angliae
1621 1117 1723 1142 eom-

149 1170 346 1209 moratura,
376 1170 416 1201 ut
443 1163 566 1201 audio.

232 1231 280 1266 13
304 1229 395 1266 Julii
424 1228 471 1266 D.
500 1228 707 1267 Gulielmus
724 1228 921 1275 Tui-uerus,
944 1229 1107 1266 medicus
1128 1229 1249 1267 bonus
1277 1235 1315 1267 et
1343 1230 1398 1267 vir
1418 1230 1592 1281 optimus,
1621 1233 1722 1272 Lon—

150 1293 228 1331 ‹liui
261 1293 366 1331 obiit.
424 1292 585 1330 Leverus
614 1293 652 1330 in
677 1294 756 1345 ejus
788 1294 915 1332 funere
945 1300 1001 1331 est
1027 1293 1283 1332 concionatus.
1338 1294 1475 1345 Scripsi
1502 1296 1628 1335 unicas
1655 1298 1722 1336 has

150 1359 197 1395 ad
230 1371 295 1396 vos
328 1359 464 1403 literas,
500 1365 538 1395 et
571 1358 700 1396 breves
737 1358 909 1409 quidem;
949 1358 1077 1396 dubito
1116 1357 1229 1403 enim,
1270 1364 1391 1396 utrum
1429 1359 1489 1396 hue
1530 1360 1568 1398 in
1607 1364 1721 1400 tantis

149 1435 269 1461 rerum
298 1422 518 1461 tumultibus
547 1423 593 1460 ad
625 1429 763 1460 vestras
794 1436 926 1460 manus
959 1423 1035 1460 sint
1067 1428 1312 1472 perventurae.
1379 1423 1504 1468 Quare
1534 1425 1656 1476 plures
1680 1427 1716 1464 in

150 1488 350 1538 praesentia
377 1488 535 1525 scribere
563 1487 678 1525 nolui.

228 1552 393 1589 Salutate
419 1565 503 1589 meo
521 1552 675 1590 nomine
701 1552 843 1590 amicos
867 1565 971 1589 meos
994 1564 1137 1596 omnes,
1166 1556 1204 1588 et
1221 1550 1412 1601 praecipue
1438 1552 1486 1590 D.
1508 1552 1720 1600 Simhzrmn,

152 1617 384 1661 Lavaterum,
429 1615 660 1666 Wolpliiunl,
695 1616 902 1661 Hallerum,
942 1615 1147 1659 WVickium,
1181 1614 1455 1661 IVonhehium,
1492 1616 1721 1668 Zuinglium,

148 1688 217 1718 etc.
276 1682 381 1720 Bene
410 1681 539 1718 valete.
596 1680 760 1731 Raptim.
817 1680 1052 1725 Ludhamiae,
1081 1681 1103 1716 4
1133 1678 1311 1729 Augusti,
1344 1681 1457 1719 1568.

978 1767 1112 1805 Vester
1138 1772 1297 1817 quantus
1324 1773 1483 1818 quantus
1511 1777 1580 1814 est,

809 1851 1097 1892 ,IOHANNES
1137 1852 1546 1902 PARKHURSTUS,
1576 1857 1668 1896 Nor.

462 1930 717 1956 mscmp'rlo.

254 1986 489 2022 Doctissz'mis
516 1985 604 2020 viris
629 1986 662 2018 ec
689 1984 944 2029 integerrimis

306 2050 453 2093 amicis,
488 2049 535 2085 D.
571 2048 668 2084 Rod.
698 2047 879 2084 Gualtero
911 2051 945 2083 ec

307 2116 356 2152 D.
387 2114 553 2150 Hearico
582 2113 816 2159 Bnllingero.

724 2175 758 2212 T
756 2177 870 2224 iguri.

633 2380 929 2422 EPISTOLA
969 2380 1240 2422 LXXXIV.

332 2534 574 2566 RICARDUs
604 2534 757 2565 COXUS
787 2534 854 2564 AD
886 2533 1144 2565 llENRICUM
1176 2532 1547 2564 BULLINGERUM.

233 2609 373 2646 ssimi:
402 2609 440 2646 in
461 2608 612 2647 Christo
631 2610 735 2654 Jesu,
757 2609 810 2645 mi
835 2608 1064 2659 Bullingerc,
1091 2608 1202 2645 frater
1225 2607 1415 2646 carissime
1441 2613 1478 2645 et
1503 2607 1541 2645 in
1569 2609 1720 2647 ecclesia

158 2675 228 2712 Dei
251 2674 360 2724 jubar
386 2673 683 2723 fulgidissimum.
741 2673 875 2711 Ilabeo
900 2674 998 2724 apud
1023 2686 1081 2710 me
1104 2680 1229 2710 ternas
1257 2672 1379 2709 literas
1407 2672 1598 2722 praeterito
1627 2687 1723 2711 anno

153 2739 332 2789 scriptas:
373 2739 470 2775 (latae
499 2738 599 2775 fuere
626 2738 756 2788 primm.
783 2737 930 2788 quidem
962 2740 985 2773 6
1012 2737 1177 2775 ²Ianuarii
1211 2739 1328 2777 1568:
1361 2736 1488 2773 alterae
1516 2740 1565 2774 20
1594 2737 1721 2775 Martii

162 2805 256 2839 1568
277 2817 285 2846 ;
316 2802 438 2839 tertia}
458 2804 506 2838 24
524 2801 686 2852 Augusti
710 2805 820 2840 1568.
870 2801 931 2839 Ad
949 2801 1032 2839 haec
1051 2801 1131 2838 libri
1149 2801 1201 2837 tui
1221 2801 1266 2839 de
1284 2800 1440 2851 Origine
1461 2802 1593 2839 erroris
1611 2816 1725 2852 penes

154 2881 213 2904 mc
233 2874 319 2904 sunt
338 2881 383 2904 ex
403 2874 469 2904 tuo
486 2867 595 2904 dono.
642 2866 756 2913 Quod
775 2866 892 2904 literis
910 2866 983 2903 tuis
1003 2865 1230 2903 suavissimis
1249 2871 1287 2902 et
1305 2866 1480 2915 pietatem
1500 2865 1725 2916 spirantibus

154 2932 331 2969 hactenus
359 2944 436 2968 non
464 2931 730 2981 responderim,
763 2931 862 2968 malo
891 2930 1009 2968 nullas
1035 2943 1165 2967 causas
1195 2930 1232 2966 in
1256 2929 1417 2968 medium
1442 2930 1583 2974 afferre,
1613 2944 1720 2980 quam

152 3009 214 3031 vas
239 2995 387 3046 quidem
415 3002 546 3032 tenues
572 3001 609 3032 et
634 2995 776 3032 inanes.
831 2995 990 3033 Omissis
1016 2994 1130 3044 igitur
1155 2994 1446 3039 causationibus,
1466 3006 1623 3044 magnas
1648 3006 1722 3044 ago

157 3059 323 3097 llenrico
348 3073 434 3097 meo
461 3059 614 3110 gratiaS,
635 3065 711 3096 tum
733 3059 833 3110 quod
853 3072 912 3097 mc
938 3059 1014 3097 suis
1039 3058 1156 3096 literis
1174 3065 1249 3096 tam
1269 3058 1482 3109 frequenter
1501 3059 1657 3096 invisere
1677 3058 1725 3095 sit.
