1845 3233
144 126 200 171 76
463 135 665 162 JOHANNES
698 132 864 158 suemus
895 130 948 155 AD
980 129 1120 155 JOSIAM
1153 127 1370 153 slMLERUM.
1554 109 1693 167 [prsr.

148 255 283 293 l'utasti.
350 253 497 291 Parcius
526 251 573 288 ad
605 256 641 286 te
671 249 752 292 ista,
785 247 835 283 mi
865 246 982 289 Josia,
1012 245 1057 281 dc
1088 251 1125 281 te
1154 242 1383 293 praesertim:
1422 242 1565 279 auribus
1597 242 1696 279 enim

150 321 221 356 tuis
247 319 329 354 darc
354 329 428 353 11011
453 321 508 352 est
531 327 598 351 nec
624 311 797 350 amicitiae
822 315 960 347 nostrae
979 321 1045 345 1100
1071 307 1219 357 pudoris
1243 306 1328 343 mei.
1382 305 1564 356 Equidem
1581 306 1697 343 liben-

148 392 201 420 tcr
224 382 286 418 illa
317 379 403 429 legi,
435 384 474 415 ut
505 378 604 414 soleo
635 383 698 413 tua
734 374 881 417 omnia;
920 378 1025 410 erant
1052 371 1151 407 enim
1185 370 1321 420 scripta
1350 369 1393 406 de
1422 370 1530 407 rebus
1561 370 1698 420 jejunis

150 444 368 497 plenissime,
400 443 443 479 110
475 440 639 479 obscuris
675 437 977 489 splendidissime.
1046 435 1105 472 De
1136 434 1239 471 omni
1272 434 1344 471 ista
1373 439 1438 470 tua
1469 433 1699 471 humanitate

97 505 99 507 ¹
149 520 309 556 agnosco
338 512 375 543 et
405 505 532 549 fateor,
559 510 666 553 atque
696 502 806 539 etiam
837 500 1023 551 profiteor,
1052 512 1113 536 1110
1143 511 1222 535 esse
1250 498 1288 535 in
1317 510 1391 534 aere
1421 503 1497 535 tuo.

226 569 391 609 Ecclesia
412 574 536 605 nostra
555 567 627 604 Dei
645 565 824 604 beneficio
851 563 1024 601 immunis
1050 569 1107 600 est
1128 563 1173 599 ab
1197 562 1277 599 istis
1298 562 1483 599 monstris.
1539 561 1699 599 Tantum

148 651 204 675 res
226 634 332 672 nobis
357 639 411 670 est
435 645 517 669 cum
535 630 750 668 satellitibus
769 628 985 679 quibusdam
1004 626 1214 677 pontificiis.
1273 626 1333 663 Illi
1351 626 1499 663 turbant
1523 631 1699 676 quantum

149 704 300 750 possunt
331 697 369 734 in
398 695 556 745 angulis,
585 699 695 744 atque
726 693 837 730 etiam
868 691 938 729 1100
968 696 1133 741 tempore
1164 690 1371 740 impediunt
1402 703 1475 740 quo
1506 690 1628 727 minus
1658 703 1702 726 ea

149 763 283 813 possim
310 766 497 811 pertexere
526 763 653 795 contra
677 756 916 806 ubiquitarios
940 767 1024 805 quae
1048 754 1318 804 cogitaveram:
1356 754 1418 791 sed
1444 755 1488 791 de
1515 767 1559 791 ea
1588 767 1627 791 re
1657 753 1702 790 ad

151 829 199 866 D.
215 825 466 874 Bullingerum
485 821 611 872 scripsi
628 820 779 871 plenius.
825 820 864 857 Si
885 820 1020 869 scripta
1036 819 1083 856 D.
1099 819 1276 868 Martyris
1296 818 1462 863 edideris,
1482 824 1520 855 et
1536 818 1704 856 ecclesiae

151 888 385 932 consulueris,
411 892 448 924 et
474 886 673 923 multorum
699 884 881 921 bonorum
908 883 1187 933 exspectationi,
1212 883 1274 933 qui
1301 896 1344 920 ea
1371 882 1535 933 cupiunt,
1561 880 1702 918 satisfe-

151 954 253 992 ceris.
308 949 582 988 Commentaria
605 955 726 986 autem
752 949 790 985 in
817 948 995 993 Genesin,
1023 947 1197 997 quoniam
1222 947 1267 983 de
1292 946 1364 983 illis
1387 959 1550 997 quaerere
1573 945 1705 984 videris

148 1017 323 1068 judicium
348 1027 483 1059 meum,
511 1013 678 1063 equidem
704 1026 759 1057 ea,
780 1012 830 1049 mi
849 1012 964 1057 Josia,
989 1024 1177 1061 nunquam
1202 1011 1301 1061 legi:
1330 1016 1455 1048 tamen
1481 1024 1556 1048 non
1578 1010 1705 1047 dubito

155 1095 232 1118 esse
265 1079 456 1130 ejusmodi,
490 1084 530 1114 ut
561 1077 591 1113 si
623 1077 786 1123 edantur,
815 1076 927 1113 videri
960 1075 1104 1126 possint
1138 1075 1238 1112 Petri
1270 1075 1459 1125 Martyris.

229 1144 335 1182 Nova
369 1156 411 1179 ea
443 1155 526 1192 quae
559 1147 673 1185 crant,
706 1141 851 1191 conjeci
886 1141 924 1177 in
960 1140 1085 1177 literas
1120 1140 1167 1177 ad
1202 1139 1249 1176 D.
1287 1139 1553 1189 Bulliugerum.
1622 1139 1705 1177 Nisi

154 1209 302 1246 Rhenus
331 1213 446 1244 vester
476 1206 581 1242 nobis
606 1205 659 1241 ita
686 1210 783 1241 esset
813 1205 994 1249 adversus,
1029 1210 1066 1241 et
1093 1204 1287 1241 scriberem
1316 1203 1363 1240 ad
1390 1209 1426 1240 te
1455 1210 1493 1241 et
1520 1204 1705 1240 mitterem

156 1273 300 1323 saepius.
370 1271 441 1307 Sed
468 1270 535 1307 iter
563 1269 714 1319 longum
745 1275 813 1313 est,
843 1274 880 1305 et
907 1274 1085 1319 praeterea
1109 1268 1155 1304 ad
1184 1268 1272 1305 istas
1299 1267 1479 1305 nundinas
1505 1268 1566 1305 vix
1594 1280 1705 1305 unum

157 1337 312 1386 aliquem
344 1334 506 1372 invenire
532 1346 680 1384 possum
713 1333 775 1383 qui
803 1332 923 1370 isthuc
956 1338 1026 1370 eat.
1092 1332 1202 1370 Nunc
1240 1337 1362 1369 autem
1394 1332 1506 1369 etiam
1541 1332 1585 1369 de
1616 1344 1708 1368 nun-

158 1400 252 1437 ‹linis
279 1398 419 1435 dubito.
475 1397 659 1446 Quicquid
695 1402 817 1433 autem
850 1396 894 1433 de
929 1396 1044 1434 literis
1079 1395 1158 1432 istis
1193 1395 1286 1432 meis
1318 1395 1392 1440 fiet,
1426 1409 1498 1446 ego
1528 1400 1625 1440 tuus,
1658 1394 1707 1431 mi

158 1464 273 1509 Josia,
301 1469 400 1500 totus
429 1476 522 1507 sum,
551 1462 624 1498 sive
652 1460 770 1498 scribo
799 1460 874 1498 sive
902 1466 1016 1498 taceo.
1073 1460 1211 1505 Saluta,
1240 1461 1304 1498 &c

468 1559 716 1585 INSCRIPTIO.

240 1614 301 1650 Ad
331 1614 377 1650 D.
412 1612 559 1649 Josiam
592 1612 807 1657 Simlerum,
842 1612 949 1660 apud

283 1678 484 1725 Tigurinos
508 1688 624 1712 sacrcc
644 1675 851 1722 leeologioe
867 1688 955 1723 pro-

271 1742 463 1792 fessorem,
494 1741 607 1777 Juellc⁴
634 1741 796 1789 episcopi
827 1741 954 1776 Saric-

285 1807 461 1842 buriensis
487 1806 616 1841 literae.

690 1985 984 2027 EPISTOLA
1027 1984 1173 2026 LVII.

237 2148 486 2180 ,JOHANNES
516 2148 861 2179 PARKHURsTiJs
889 2148 956 2179 AD
986 2146 1243 2177 HENRICUM
1274 2144 1641 2176 BULLINGERUM.

246 2235 339 2273 CUM
362 2249 477 2272 essem
498 2235 668 2280 Londini,
693 2235 882 2285 objurgavi
906 2247 1008 2271 meos
1034 2241 1292 2271 conterraneos
1318 2233 1380 2282 qui
1404 2232 1532 2282 Tiguri
1560 2233 1719 2279 fuerunt,

169 2300 265 2350 quod
296 2299 403 2337 vestri
435 2299 668 2336 immemores
696 2299 789 2335 nihil
818 2311 980 2349 unquam
1010 2298 1057 2335 ad
1083 2311 1149 2335 vos
1178 2296 1406 2347 scripserint:
1429 2296 1622 2347 ,quosdam
1652 2310 1719 2346 pu-

171 2364 289 2408 debat,
315 2363 488 2413 quosdam
512 2363 716 2413 poenitebat
741 2363 850 2399 etiam
876 2363 940 2399 alti
967 2363 1115 2399 silentii.
1171 2362 1244 2399 Sed
1269 2374 1389 2411 spero,
1419 2374 1481 2398 eos
1505 2361 1583 2410 jam
1606 2360 1719 2411 scrip-

170 2428 271 2471 sisse,
292 2432 328 2462 et
351 2432 477 2475 postea
504 2426 717 2475 diligentius
745 2426 955 2475 scripturos.
1011 2426 1133 2463 Foxus
1152 2426 1287 2476 ingens
1311 2425 1484 2462 volumen
1509 2424 1653 2474 scripsit
1677 2425 1721 2461 de

174 2490 389 2539 martyribus
413 2488 558 2539 Anglis,
586 2490 693 2540 idque
719 2490 897 2540 Anglice:
928 2490 1063 2540 prodiit
1085 2490 1183 2541 typis
1213 2502 1390 2527 excusum
1416 2488 1607 2539 quatriduo
1635 2494 1721 2525 ante

173 2553 317 2602 pascha.
382 2553 455 2602 Ipsi
487 2554 641 2604 papistae
674 2554 752 2603 jam
787 2554 969 2603 incipiunt
1001 2553 1327 2604 archipapistarum
1361 2552 1541 2590 saevitiam
1571 2565 1721 2589 exosam

174 2617 316 2653 habere.
370 2616 440 2653 Sex
470 2618 526 2653 vel
557 2623 698 2667 septem
731 2618 828 2655 circa
857 2618 1001 2655 initium
1039 2617 1332 2667 quadragesimae
1363 2616 1598 2654 condemnati
1627 2622 1723 2660 sunt,

173 2680 224 2717 1·οἰ
253 2680 354 2716 110810
382 2680 606 2729 majestatis3
640 2682 704 2718 scd
733 2682 927 2718 clementia
953 2682 1112 2731 Reginae
1138 2681 1256 2718 adhuc
1287 2695 1351 2718 eos
1377 2681 1515 2732 patitur
1537 2679 1657 2717 vivere
1686 2680 1723 2716 in

176 2743 263 2779 turri
291 2743 524 2780 Londinensi.
580 2744 665 2781 Duo
690 2758 736 2781 ex
762 2745 832 2781 illis
856 2746 1079 2782 vocabantur
1104 2745 1199 2789 Poli,
1225 2745 1396 2782 nimirum
1422 2744 1616 2782 cardinalis
1643 2744 1725 2781 Poli

177 2806 450 2855 consanguinei.
516 2807 650 2844 Comes
685 2808 884 2845 Huntlaeus
916 2822 1009 2845 unus
1041 2822 1087 2845 cx
1115 2809 1313 2859 praecipuis
1346 2809 1484 2847 Scotiae
1515 2807 1725 2858 proceribus

176 2876 214 2906 et
240 2869 382 2919 papista
412 2870 577 2919 insigniS,
609 2872 762 2909 consilio
793 2872 909 2909 Guisii
940 2879 1076 2918 motus,
1107 2873 1144 2909 in
1175 2873 1301 2910 Scotia
1331 2873 1475 2923 piorum
1506 2871 1722 2920 sanguinem

175 2934 321 2971 fundere
348 2934 598 2980 meditabatur,
625 2940 665 2971 ut
693 2935 842 2972 Guisius
866 2936 905 2972 in
931 2936 1063 2982 Gallia,
1087 2942 1124 2974 et
1147 2949 1283 2986 inagna
1307 2942 1384 2974 erat
1408 2936 1606 2974 multorum
1631 2934 1727 2972 sedi—
