1845 3233
152 138 234 178 144
421 152 769 179 Ricmnuscoxus
804 152 858 177 An
889 151 1101 178 flmmeum
1138 150 1436 178 marmanum·
1576 134 1717 192 [amar.

152 271 279 303 nostra
300 265 463 303 omnium
487 280 597 304 causa
621 267 713 304 adeo
739 266 786 304 sit
811 265 879 304 tibi
905 266 1019 303 cordi.
1075 266 1160 317 Ego
1187 267 1233 303 de
1255 265 1328 303 lioc
1354 255 1587 314 argumento·
1595 265 1725 315 jejune

151 335 259 379 atque
289 330 402 367 dilute
428 330 476 367 ad
504 336 541 368 te
574 330 728 380 scripsi3
769 336 808 367 at
836 330 930 367 alter
959 343 1006 367 ex
1035 329 1207 367 fratribus
1235 329 1329 366 meis
1358 329 1502 378 plenius
1531 335 1569 366 et
1598 329 1725 379 copio-

152 394 225 431 sius
253 394 343 443 egit,
373 394 435 444 qui
464 400 501 431 et
529 394 643 444 ipsius
671 394 786 431 bullae
819 393 966 443 copiam
996 394 1064 431 tibi
1093 394 1194 431 fecit.
1252 393 1420 431 Extorsit
1446 407 1468 430 a
1498 399 1563 430 tua
1589 393 1726 443 pietate

150 457 245 494 hanc
271 457 382 494 bullae
410 457 731 508 impugnationem
760 464 798 495 et
825 458 943 495 nostri
968 471 1084 504 amor,
1109 464 1146 495 et
1173 458 1226 495 rei
1251 457 1471 507 indignatio,
1495 463 1533 494 et
1559 457 1726 494 veritatis

149 521 247 559 zelus
283 521 574 559 ardentissimus.
637 522 832 559 Hactenus
870 522 994 559 vixisti
1034 523 1073 560 in
1114 521 1357 559 sanctissimis
1394 521 1724 571 sacratissimisque

148 585 261 623 divini
285 585 385 622 verbi
411 585 555 631 studiis,
583 592 624 622 ut
649 586 740 623 illud
765 587 887 624 modis
912 586 1085 624 omnibus
1112 586 1253 624 coleres
1280 592 1317 623 et
1341 598 1587 635 promoveres.
1638 585 1724 622 Huc

149 651 195 687 ab
223 649 375 687 ineunte
405 656 516 687 aetate
543 656 696 687 vocatus
724 650 848 696 fuisti3
878 650 974 688 hanc
1001 657 1101 687 tuam
1132 650 1366 687 vocationem
1397 655 1544 686 strenue
1571 648 1723 692 ornasti,

147 715 185 751 in
211 727 327 764 eaque
355 727 470 764 usque
493 714 540 751 ad
564 714 761 751 terminum
789 715 877 752 vitae
906 714 1008 752 dabit
1033 714 1217 752 Dominus
1247 721 1288 751 ut
1316 726 1539 764 persevereS,
1564 713 1611 750 ad
1635 725 1724 750 con-

144 778 313 816 scientize
340 778 679 829 tranquillationem
701 785 739 816 et
761 779 909 829 piorum
929 779 1097 816 omnium
1122 778 1439 829 exspectationem
1459 777 1722 815 avidissimam.

146 843 248 880 Hinc
284 848 342 879 est
379 843 479 894 quod
516 843 748 880 occasionem
786 849 912 893 captes
950 843 1185 893 undicunque
1225 843 1269 880 de
1305 842 1485 891 religione
1525 841 1724 878 christiana

143 908 239 945 bene
272 907 449 951 merendi,
486 913 524 944 et
560 907 597 944 in
635 906 786 957 pietatis
820 906 946 944 hostes
982 907 1115 944 acriter
1148 905 1475 944 animadvertendi.
1533 905 1634 943 Hinc
1668 913 1725 942 est

144 971 243 1022 quod
275 977 355 1009 tum
388 971 608 1022 tempestive
646 971 790 1008 Brentii
826 970 958 1008 morbo
991 971 1163 1016 mederis,
1203 977 1240 1008 et
1274 971 1387 1008 bullae
1426 970 1587 1007 furorem
1623 982 1724 1007 com-

142 1035 272 1085 pescis.
329 1036 514 1086 Equidem
550 1035 836 1085 diligentissime
864 1035 1000 1072 curabo
1029 1041 1070 1072 ut
1105 1035 1251 1085 Regina
1278 1041 1419 1079 nostra,
1450 1041 1487 1071 et
1516 1034 1651 1072 Latine
1686 1040 1725 1071 et

144 1100 278 1137 Graece
307 1099 537 1144 doctissima,
565 1100 750 1149 intelligat
768 1106 873 1136 tuum
895 1113 985 1150 erga
1013 1099 1133 1150 ipsam
1159 1099 1324 1137 studium
1345 1104 1382 1135 et
1408 1098 1719 1144 benevolentiam,

143 1164 374 1215 efficiamque
398 1171 440 1202 ut
463 1165 577 1202 libelli
602 1164 658 1201 tui
679 1170 829 1214 gustum
855 1164 980 1214 capiat
1006 1164 1275 1201 suavissimum.
1333 1162 1445 1207 Quod
1472 1170 1595 1200 autem
1614 1163 1720 1200 nobis

143 1229 381 1266 commendas
413 1229 594 1267 rationem
627 1228 811 1266 tractandi
843 1228 1008 1266 libellum
1038 1235 1157 1274 tuum,
1191 1228 1402 1278 cogitamus
1435 1232 1476 1264 ut
1508 1240 1619 1277 quam
1649 1228 1722 1277 pri-

144 1305 244 1330 mum
281 1293 379 1345 typis
414 1294 628 1338 excudatur,
667 1299 706 1329 ct
738 1293 805 1330 sub
839 1292 994 1330 Henrici
1028 1293 1237 1343 Bullingeri
1273 1292 1427 1330 nomine
1462 1292 1501 1329 in
1536 1292 1722 1342 publicum

142 1358 317 1408 prodeat;
349 1358 572 1408 mittamque
601 1358 646 1394 ad
673 1363 724 1402 te,
753 1370 864 1408 quam
892 1357 1051 1407 primum
1079 1363 1223 1407 potero,
1251 1357 1394 1407 aliquot
1422 1357 1655 1406 exemplaria.

223 1422 409 1459 Henricus
439 1422 501 1459 ille
532 1421 734 1466 Butlerius,
764 1434 838 1472 quo
872 1421 916 1458 de
952 1421 1094 1466 scribis,
1129 1421 1297 1459 nondum
1326 1434 1387 1458 mc
1420 1421 1557 1458 invisit.
1615 1421 1722 1458 Dabo

142 1500 291 1537 operam
324 1493 376 1532 ut,
409 1500 493 1525 eum
525 1487 572 1523 ad
604 1499 665 1523 me
696 1485 906 1531 accesserit,
944 1498 1028 1523 mea
1059 1499 1170 1536 opera
1202 1498 1279 1522 non
1314 1485 1528 1535 indiguerit.
1595 1485 1720 1522 Servet

141 1558 179 1588 te
211 1552 313 1589 Deus
342 1552 505 1601 optimus
537 1551 734 1594 maximus,
766 1550 879 1587 frater
905 1549 942 1586 in
973 1549 1127 1587 Christo
1159 1549 1410 1595 dilectissime,
1443 1550 1552 1600 idque
1585 1549 1721 1586 multos

142 1628 273 1660 annos,
302 1615 346 1652 ad
369 1615 537 1653 ecclesiae
561 1614 786 1658 utilitatem;
813 1627 1081 1664 precamurque
1106 1620 1147 1651 ut
1171 1614 1340 1665 precibus
1367 1614 1439 1651 tuis
1463 1627 1533 1651 nos
1553 1614 1720 1651 Domino

141 1680 394 1724 commendes,
432 1679 592 1716 maxime
626 1678 688 1729 qui
721 1678 759 1715 in
791 1678 905 1728 ipsius
937 1678 1046 1715 vinea
1082 1679 1305 1715 laboramus.
1372 1678 1482 1716 Nova
1515 1679 1617 1716 nulla
1653 1678 1721 1715 tibi

141 1744 336 1794 impertio;
374 1757 458 1781 nam
496 1743 608 1781 frater
642 1755 748 1779 meus
784 1743 955 1779 dominus
994 1743 1148 1780 Hornus
1184 1742 1222 1779 id
1257 1756 1296 1779 sc
1332 1749 1595 1793 praestaturum
1632 1755 1713 1780 esse

144 1809 326 1858 promisit.

708 1871 811 1909 Tuus
840 1871 877 1909 in
899 1871 1072 1910 Domino
1099 1872 1210 1910 frater
1236 1872 1459 1917 carissimus,

1279 1946 1565 1992 RlCARDL‘s,

1366 2023 1572 2074 Episcopus
1601 2022 1718 2060 Elien.

442 2102 702 2129 INSCRIPTIO.

225 2159 495 2197 Colendz‘ssz‘mo
515 2160 556 2195 in
576 2155 865 2208 Clzrz'si0smsri
882 2159 1048 2207 mistique

273 2224 523 2267 dilectissimo,
544 2221 597 2260 D.
618 2223 785 2258 waico
807 2223 1043 2271 B‘ullingero,

273 2289 432 2325 ecclesiae
461 2288 655 2336 Tigurlnoe
682 2287 859 2324 ministro
888 2287 1050 2323 meritis-

272 2354 376 2389 simo.

654 2603 951 2646 EPISTOLA
990 2604 1210 2648 XCVIII.

300 2743 551 2776 ROBERTUS
580 2746 777 2779 HORNUS
805 2748 873 2779 AD
903 2746 1163 2779 HENRICUM
1192 2744 1560 2777 BULLINGERUM.

223 2828 336 2873 ETSI,
361 2830 545 2868 carissime
571 2832 802 2883 Bullingere,
827 2834 1105 2884 ingratitudinis
1135 2832 1383 2883 suspicionem
1409 2844 1514 2869 amor
1541 2843 1618 2868 non
1647 2831 1715 2868 ad-

142 2892 270 2937 mittit,
302 2906 421 2943 nequc
452 2895 584 2943 judicii
616 2897 863 2934 temeritatem
897 2898 1080 2948 permittit
1114 2896 1333 2948 prudentia;
1381 2901 1507 2933 tamen
1539 2901 1577 2932 et
1605 2894 1717 2932 officii

142 2957 255 2994 debiti
275 2958 590 3007 exspectationem
610 2960 797 2998 ardentem
814 2962 921 3000 laedit
940 2962 1104 3006 tarditas,
1125 2967 1162 2998 et
1180 2959 1418 3010 praetermissi
1439 2958 1715 2996 excusationem
