1845 3233
99 118 220 174 ηπ]
287 133 493 160 JOHANNES
528 133 813 160 PAnKnunsrus
844 134 898 159 AD
931 133 1140 159 flmmeum
1174 131 1472 158 BULL1NGERUM.
1608 115 1664 162 ’77

102 248 277 285 tiosorum
315 249 564 299 conspiratio:
603 255 640 286 et
676 248 770 286 haud
806 248 917 285 dubie
953 248 1066 286 iidem
1103 249 1280 285 tumultus
1317 253 1355 285 et
1389 247 1664 298 sanguinolenti

102 312 250 363 quidem
273 311 429 350 fuissent
452 313 491 350 in
515 313 652 357 Scotia,
673 313 736 363 qui
761 319 798 350 et
820 313 858 349 in
879 312 1012 357 Gallia,
1040 312 1110 349 nisi
1138 312 1209 349 Dci
1234 312 1413 349 beneficio
1439 312 1477 349 in
1499 318 1664 363 tempore

103 377 239 414 detecti
272 376 427 413 fuissent
454 377 599 414 illorum
629 383 795 414 conatus.
863 377 1024 422 Quidam
1058 377 1095 413 in
1128 376 1258 427 praelio
1289 376 1416 420 occisi,
1449 376 1546 414 inter
1575 390 1667 428 quos

106 453 196 478 unus
221 446 300 478 erat
328 454 373 477 ex
398 441 482 477 filiis
510 441 694 486 Huntlaei,
716 442 807 479 alter
826 441 919 478 filius
939 441 1060 491 capite
1079 441 1206 490 plexus
1225 453 1308 477 cum
1334 440 1413 477 aliis
1433 441 1663 490 quibusdam.

105 505 189 556 Ipse
220 505 422 542 Huntlaeus
448 505 494 542 ad
519 518 701 543 carcerem
731 506 952 549 ducebatur3
982 511 1020 542 at
1048 505 1085 541 in
1114 505 1242 541 itinere
1267 510 1464 542 retrorsum
1495 505 1540 542 ab
1568 519 1665 556 equo

104 568 252 613 decidit,
278 575 316 606 et
343 568 459 606 fracto
487 569 583 606 collo
604 570 813 620 exspiravit.
872 569 1055 607 Incertum
1082 575 1138 606 est
1163 582 1210 606 an
1235 582 1322 606 casu
1348 568 1416 606 hoc
1441 570 1489 606 sit
1513 570 1663 615 factum,

103 647 151 670 an
184 633 228 670 de
262 633 450 670 industria.

183 698 319 748 Scripsi
344 697 390 735 ad
416 705 468 743 te,
495 711 653 739 crucem,
682 712 820 743 cereos,
847 697 1064 735 candelabra
1089 711 1108 734 e
1135 698 1295 747 Reginae
1324 698 1464 748 capella
1487 698 1662 744 abducta3

105 762 170 799 sed
205 761 326 812 paullo
368 768 452 812 post
491 769 576 799 sunt
618 763 781 806 reducta,
817 775 956 811 magno
994 762 1138 811 piorum
1175 774 1344 799 moerorc.
1412 762 1520 799 Cerei
1557 770 1667 800 antea

104 826 268 877 quotidie
301 826 601 871 incendebantur,
631 840 728 864 nunc
762 826 924 862 minime.
978 825 1168 876 Tepiditas
1197 825 1234 862 in
1266 826 1484 876 quibusdam
1511 827 1666 864 multum

104 896 306 928 remoratur
340 891 523 941 evangelii
559 904 717 928 cursum.
772 890 830 927 Ex
861 890 985 926 animo
1018 889 1110 926 bene
1141 890 1249 940 cupio
1281 890 1452 927 omnibus
1478 890 1668 940 Tigurinis

104 967 197 1005 quos
230 967 315 991 mco
348 955 498 992 nomine
530 954 664 992 salvere
695 955 839 1004 jubeas,
872 960 909 990 et
941 953 1125 1004 praecipue
1157 966 1308 991 uxorem
1340 960 1441 991 tuam
1473 955 1665 1005 optimam,

108 1020 213 1063 filios,
233 1019 338 1061 filias,
359 1020 424 1056 810.
481 1019 568 1056 Mea
586 1032 653 1056 vos
673 1031 815 1056 omnes.
838 1018 1000 1068 Raptim.
1023 1017 1252 1061 Ludhamioe,
1274 1020 1322 1055 26
1343 1017 1490 1069 Aprilis,
1515 1021 1625 1056 1563.

764 1105 876 1149 Tuus,

835 1178 1120 1217 JOHANNES
1154 1179 1562 1227 PARKHURSTUS,

1367 1257 1666 1296 Nordovicensis.

276 1323 536 1351 INSCRIPTIO.

188 1380 408 1416 Clarissimo
436 1380 516 1415 viro
552 1379 601 1414 D.

185 1445 352 1481 Henrico
372 1443 604 1489 Bullingero‚

387 1507 530 1556 Tiguri.

633 1717 929 1760 EPISTOLA
974 1718 1145 1760 LVIII.

277 1908 479 1939 THOMAS
505 1907 726 1939 SAMPSON
755 1909 822 1939 AD
853 1907 1109 1939 HENRICUM
1140 1906 1504 1937 BULLINGERUM.

190 1995 355 2033 Simon:
396 1995 618 2044 Bullingere,
652 1995 805 2032 salutem
843 2000 1018 2032 aeternam
1054 1995 1092 2032 in
1129 1994 1278 2032 Christo
1316 2000 1445 2033 nostro
1477 1994 1670 2032 Servatore

111 2065 200 2110 opto
228 2059 308 2096 tibi.
365 2059 511 2096 Miraris
536 2058 672 2103 forsan,
698 2059 796 2109 quod
821 2072 893 2109 ego
918 2065 955 2095 te
987 2059 1080 2096 meis
1105 2059 1256 2096 audeam
1283 2058 1514 2110 interpellare
1542 2058 1668 2097 literis.

118 2124 238 2167 Parce,
272 2123 396 2172 paucis
433 2123 601 2160 scribam.
668 2122 756 2160 Non
792 2122 843 2159 ita
879 2122 1017 2172 pridem
1053 2122 1163 2159 habui
1199 2123 1343 2173 Tiguri,
1381 2123 1486 2173 eujus
1522 2135 1669 2173 possem

111 2188 236 2225 omnia
269 2199 351 2224 mea
388 2186 425 2223 in
462 2187 582 2224 sinum
619 2186 814 2224 effundere.
885 2187 1063 2237 Ejusdem
1101 2187 1194 2237 apud
1230 2200 1295 2224 vos
1333 2187 1482 2224 exuvias
1516 2186 1668 2225 habetis.

111 2252 288 2302 Tigurum
315 2264 405 2300 ergo
433 2251 570 2301 saepius
594 2250 685 2287 mihi
711 2250 809 2287 venit
834 2251 871 2287 in
895 2257 1069 2288 mentem.
1125 2250 1195 2287 Sed
1221 2251 1267 2288 ad
1286 2251 1373 2301 quid
1395 2264 1468 2300 ego
1489 2251 1671 2288 effutirem

113 2330 156 2353 ea
187 2328 270 2366 quae
300 2321 380 2352 tum
413 2315 568 2365 cogito?
623 2314 723 2352 Vivit
754 2314 921 2364 Martyr;
953 2315 1073 2352 valeat
1100 2320 1137 2351 et
1169 2314 1324 2352 feliciter
1351 2315 1449 2352 vivat
1475 2315 1668 2365 Tigurum.

112 2381 162 2418 Et
186 2393 232 2417 ne
255 2393 329 2416 una
357 2392 440 2416 culn
470 2379 635 2429 Martyre
665 2379 821 2416 intereat
850 2379 961 2416 ctiam
988 2379 1181 2429 Tigurinae
1210 2379 1305 2430 apud
1336 2392 1395 2416 me
1425 2379 1670 2429 benignitatis

113 2444 301 2488 memoria,
326 2449 363 2480 te
388 2457 486 2480 nunc
511 2443 701 2493 compello.
767 2443 1008 2493 Tuguriolum
1028 2443 1222 2493 aliquando
1245 2443 1397 2480 dabatur
1413 2443 1503 2480 mihi
1525 2444 1668 2493 Tiguri.

112 2509 151 2546 Si
187 2508 278 2545 meis
311 2508 406 2544 votis
442 2521 539 2544 nunc
575 2508 675 2545 Deus
709 2514 896 2551 annueret,
931 2508 966 2545 id
999 2509 1133 2545 obnixe
1165 2514 1378 2558 repeterem.
1446 2508 1511 2545 Me
1547 2507 1670 2546 forsan

112 2585 252 2622 quaero,
284 2573 370 2609 dum
404 2572 490 2609 talia
517 2578 627 2622 opto:
666 2585 741 2609 non
771 2572 937 2610 diffiteor.
1003 2572 1055 2609 At
1082 2585 1164 2609 cum
1199 2571 1336 2609 Christi
1372 2572 1526 2610 Domini
1555 2574 1670 2610 nostri

112 2636 230 2686 gloria
254 2637 358 2673 unice
382 2636 431 2673 sit
455 2636 665 2686 quaerenda,
691 2649 792 2673 meas
818 2637 946 2674 desero
972 2636 1184 2688 petitiones,
1204 2643 1382 2687 quatenus
1407 2650 1465 2674 me
1490 2642 1668 2687 spectant.

117 2700 199 2737 Hac
225 2700 262 2738 in
280 2714 330 2745 re,
353 2699 409 2752 (in
429 2700 630 2751 quaerendo
650 2699 881 2751 hospitiolo,)
897 2701 984 2738 nolo
1003 2700 1071 2738 tibi
1091 2701 1221 2738 iterum
1242 2714 1321 2738 esse
1340 2702 1528 2739 molestus.
1586 2701 1619 2738 O
1640 2702 1669 2737 si

111 2765 307 2815 aliquando
337 2765 482 2802 daretur
510 2764 694 2815 attingere
726 2765 935 2802 mansiones
964 2779 986 2802 a
1019 2764 1170 2803 Christo
1201 2765 1366 2803 Domino
1393 2766 1498 2804 nobis
1529 2772 1671 2816 paratas

112 2829 149 2865 in
182 2829 306 2866 coelis!
365 2828 532 2873 InterIm,
565 2829 794 2867 sanctissime
826 2836 941 2880 pater,
971 2829 1147 2880 Angliam
1176 2836 1339 2868 nostram
1369 2837 1406 2868 et
1435 2844 1493 2868 me
1525 2843 1670 2880 quoque

113 2892 184 2929 tuis
213 2893 379 2943 precibus
411 2892 646 2930 commendo.
699 2892 851 2944 Angliae
884 2907 940 2931 res
973 2894 1067 2931 male
1100 2907 1138 2931 se
1167 2893 1313 2932 habent.
1372 2894 1503 2943 Pejora
1534 2907 1670 2936 vereor,

115 2969 160 2994 ne
178 2956 295 2995 dicam
315 2957 485 3007 pessima.
542 2956 595 2994 At
615 2956 764 2996 Christo
791 2958 954 2997 Domino
978 2959 1122 2996 interim
1149 2958 1417 2997 inserviendum
1444 2965 1510 2997 est.
1568 2959 1671 2996 Felix
