1845 3233
168 162 249 202 134
426 176 632 203 JOHAN'NES
663 174 833 201 JUELLUS
867 173 921 199 AD
955 172 1164 199 HENMCUM
1198 172 1496 200 BULLINGERUM.
1588 156 1730 212 [Eiusr.

163 291 336 328 mandare
366 303 416 334 se,
440 303 485 327 ne
517 290 598 340 quis
623 290 723 327 illam
752 293 933 340 agnoscat
959 288 1178 339 principem,
1206 302 1299 327 neve
1328 288 1381 326 illi
1407 289 1638 338 obtemperet
1664 286 1733 323 im-

162 354 331 405 pcranti;
371 354 433 404 qui
460 367 564 391 secus
589 354 728 398 fecerit,
754 354 858 391 illum
887 367 926 390 se
949 353 1120 390 omnibus
1145 353 1233 390 diris
1262 354 1442 390 devovere
1471 358 1581 402 atque
1616 349 1732 388 exitio

164 419 305 455 dedere.
362 418 395 455 O
423 424 588 456 sanctam
613 417 757 455 sedem!
815 417 890 463 Sic,
921 416 1075 462 scilicet,
1104 416 1236 454 Petrus
1262 417 1351 454 olim
1379 416 1581 455 factitabat.
1619 415 1736 452 Erant

158 482 301 533 ‘alioqui
337 481 467 532 quibus
504 482 574 520 ista
611 486 847 520 sacrosancta
887 480 1136 518 videbantur:
1189 481 1302 518 ceteri
1343 494 1421 518 non
1461 481 1514 518 ita
1552 479 1735 517 flexibiles

158 551 266 584 'erant
293 545 339 582 ad
367 559 496 584 omnes
522 551 633 584 nutus
663 546 862 597 pontificis,
894 558 964 582 nec
993 545 1046 581 ita
1074 545 1277 582 didicerant
1309 545 1555 595 evangelium.
1617 544 1733 581 Mitto

162 610 209 647 ad
235 615 272 647 te
302 611 491 661 exemplar
514 610 613 648 illius
638 610 887 661 putidissimae
916 614 1026 660 atque
1054 609 1285 647 inanissimae
1312 609 1436 652 bullae,
1466 615 1508 646 ut
1531 608 1734 658 intelligas,

163 687 274 725 quam
292 673 356 711 illa
373 675 493 712 bestia
512 675 727 712 solemniter
743 674 815 712 hoc
834 679 1001 724 tempore
1019 679 1130 724 atque
1149 673 1385 724 impudenter
1402 673 1572 711 insaniat.
1604 672 1735 710 Proxi-

161 738 230 775 mis
259 738 340 775 istis
370 739 500 776 diebus
536 752 643 777 novae
680 739 798 776 turbae
831 743 970 788 coeptae
1007 742 1094 775 sunt
1123 737 1163 775 in
1201 737 1535 776 Norfolchia:-sed
1569 743 1736 775 auctores

161 802 287 840 statim
321 803 439 854 primo
469 817 616 855 quoque
643 809 809 854 tempore
838 803 936 853 capti
964 808 1050 840 sunt
1077 807 1115 839 et
1142 802 1303 853 conjecti
1331 802 1370 839 in
1399 815 1575 839 carceres.

240 867 385 916 Regina
419 867 558 906 Scotioe
597 873 634 905 et
670 867 801 918 patriae
836 866 995 917 profuga
1031 872 1250 912 asservatur,
1294 866 1349 903 uti
1386 866 1469 911 scis,
1507 867 1604 917 apud
1638 881 1732 912 nos;

161 931 249 970 satis
280 931 343 968 illa
373 931 520 982 quidem
547 931 765 977 honorifice,
801 931 865 968 sed
892 931 945 967 ita
973 936 1111 976 tamen,
1142 936 1184 967 ut
1210 931 1336 968 turbas
1369 930 1465 967 ciere
1498 943 1573 968 non
1606 932 1733 981 possit.

163 996 262 1034 Haec
300 1009 344 1033 ea
375 1002 431 1033 est
464 996 523 1033 cui
555 1010 652 1047 papa
682 996 772 1033 Pius
807 1008 885 1032 non
913 1000 1058 1032 tantum
1090 994 1267 1040 Scotiffln,
1306 994 1369 1032 sed
1406 994 1518 1032 etiam
1554 993 1735 1045 Angliam

161 1060 389 1110 despondet:
431 1065 553 1111 sperat
592 1060 690 1097 enim
726 1059 905 1096 feminam
942 1058 1174 1104 catholicam,
1208 1057 1331 1095 mariti
1368 1058 1592 1103 carnificem,
1626 1064 1736 1110 atque

161 1124 377 1170 adulteram,
405 1124 452 1161 ad
478 1124 747 1162 restituendum
774 1123 984 1174 papismum
1016 1136 1193 1173 magnum
1221 1122 1366 1174 pondus
1395 1123 1599 1160 allaturam.
1653 1123 1735 1162 Nos

160 1202 344 1226 armamus
380 1189 547 1235 classem,
584 1194 622 1226 et
653 1188 809 1226 militem
845 1186 1024 1224 habemus
1061 1187 1100 1223 in
1133 1186 1337 1238 procinctu.
1406 1187 1575 1224 Ecclesia
1610 1193 1737 1225 nostra

161 1252 359 1303 ceteroqui,
385 1253 458 1290 Dei
482 1253 676 1297 beneficio,
705 1252 902 1302 tranquilla
931 1257 999 1289 est.
1055 1251 1103 1289 D.
1131 1251 1342 1289 Grindallus
1369 1251 1489 1289 factus
1514 1257 1571 1289 est
1595 1251 1735 1290 archie-

160 1319 333 1370 piscopus
353 1318 616 1361 Eb¹oracensis;
638 1317 686 1355 D.
709 1316 867 1360 Samlus,
889 1315 952 1366 qui
971 1321 1057 1353 ante
1075 1315 1194 1353 fuerat
1206 1316 1481 1366 VigorniensiS,
1501 1329 1598 1354 nunc
1616 1317 1736 1354 factus

159 1388 216 1421 est
235 1382 430 1433 episcopus
450 1381 708 1420 Londinensis.
757 1379 1004 1418 Parkhurstus
1029 1380 1268 1418 Norvicensis
1291 1380 1380 1418 vivit
1406 1386 1444 1418 et
1471 1381 1589 1418 valet:
1631 1381 1733 1419 illum

160 1460 232 1497 ego
253 1447 469 1484 sexennium
490 1447 569 1497 jam
596 1451 718 1483 totum
746 1457 936 1495 nunquam
959 1444 1043 1482 vidi.
1098 1444 1204 1482 Deus
1223 1450 1259 1482 te
1280 1458 1390 1495 quam
1419 1444 1627 1483 diutissime
1649 1459 1735 1484 con-

161 1516 281 1549 servet
306 1511 528 1548 incolumem
555 1511 602 1548 ad
628 1523 737 1547 usum
765 1509 951 1559 evangelii
978 1515 1087 1559 atque
1116 1509 1284 1546 ecclesiae
1318 1510 1422 1546 suae!

237 1575 363 1612 Saluta
393 1588 477 1612 meo
507 1575 660 1612 nomine
692 1575 740 1612 D.
765 1574 992 1619 Gualterum,
1026 1574 1073 1611 D.
1095 1573 1303 1619 Simlerum,
1339 1574 1387 1610 D.
1411 1573 1647 1621 Lavaterum,
1681 1577 1730 1614 D.

160 1639 389 1690 Zuinglium,
426 1640 474 1677 D.
504 1639 691 1684 Vickium,
731 1639 778 1675 D.
810 1638 1017 1683 Hallerum,
1055 1643 1093 1674 et
1129 1638 1365 1688 Bullingeros
1399 1644 1497 1684 tuos,
1534 1653 1626 1690 quos
1659 1654 1733 1691 ego

161 1717 245 1742 amo
277 1704 317 1740 in
349 1704 527 1741 Domino.
596 1703 655 1741 Ex
687 1702 837 1740 itinere:
879 1715 978 1739 nunc
1011 1701 1112 1739 enim
1148 1702 1243 1740 obeo
1278 1702 1507 1753 provinciam
1541 1717 1676 1751 meam,
1711 1709 1733 1743 7

161 1767 337 1819 Augusti,
359 1770 471 1805 1570.

1049 1819 1151 1858 Tuus
1179 1819 1217 1857 in
1246 1819 1410 1866 Christo,

1273 1895 1299 1932 J
1304 1896 1350 1934 O.
1379 1897 1403 1934 J
1408 1896 1627 1943 UELLUS,

1197 1972 1407 2025 Episcopus
1436 1974 1728 2014 Sarisburiensis.

500 2037 761 2064 1NSOR1PT10.

240 2094 466 2132 Doctissimo
492 2094 774 2141 clarissimoque
793 2092 888 2137 virro,
916 2092 964 2129 D.

288 2160 457 2196 Henrz'co
480 2158 715 2206 Bullingero,
732 2157 885 2206 pastori
903 2169 960 2192 ec-

292 2225 409 2261 clesioe
423 2223 621 2270 Tigurinoe
636 2222 870 2270 dignissimo,
891 2225 968 2259 ira-

290 2289 432 2327 dcmlur
448 2288 517 2326 lzoe.
577 2287 729 2335 Tiguri.

702 2543 1000 2586 EPISTOLA
1033 2544 1182 2587 XCII.

315 2735 526 2768 JACOBUS
556 2737 776 2770 LETHEUS
805 2739 873 2770 AD
904 2739 1164 2772 HENRICUM
1194 2738 1562 2770 BULLINGERUM.

164 2857 168 2861 .
243 2804 362 2849 Quoi)
395 2806 488 2844 nihil
519 2807 696 2846 hactenus
728 2810 928 2856 literarum,
963 2811 1018 2848 vir
1060 2810 1287 2857 doctissime,
1331 2810 1503 2848 dominus
1539 2822 1643 2847 meus
1676 2808 1725 2846 D.

165 2866 352 2906 Henricus
380 2869 569 2909 Denneius
598 2873 644 2910 ad
670 2879 707 2910 te
730 2874 885 2921 dederit,
913 2875 975 2926 qui
1005 2877 1052 2911 13
1080 2876 1152 2913 kal.
1180 2875 1298 2921 Junii,
1327 2875 1413 2911 dum
1434 2873 1564 2924 Tiguri
1591 2873 1729 2911 suavis-

163 2931 257 2969 sima
284 2938 347 2970 tua
371 2936 634 2974 consuetudine
656 2937 844 2984 frueretur,
867 2939 936 2976 tibi
962 2940 1057 2978 ultro
1080 2940 1265 2991 pollicitus
1294 2945 1350 2977 est
1377 2952 1429 2985 se,
1453 2938 1483 2975 si
1509 2938 1598 2990 quid
1629 2937 1729 2983 novi,

160 2997 258 3046 quod
284 2997 481 3049 scriptione
505 2999 660 3050 dignum
687 3002 882 3049 videretur,
913 3003 1077 3044 Genevae
1104 3004 1340 3050 intellexerit,
1364 3009 1487 3043 tecum
1512 3002 1602 3042 illud
1628 3015 1729 3041 com-
