1845 3233
92 154 161 212 11.]
369 170 556 196 EDWINUS
587 170 741 198 SANDUS
773 171 826 196 AD
857 171 1068 197 IIENRICUM
1101 173 1403 200 BULLINGERUM.
1645 166 1671 202 3

93 282 185 319 lium
209 282 404 333 praedicari
431 284 478 322 ad
503 285 685 322 celebrem
712 285 801 323 Divi
822 285 926 323 Pauli
945 300 1115 331 crucem3
1153 289 1253 338 quod
1281 290 1431 339 quidem
1457 303 1539 327 cum
1570 303 1671 328 max·

94 347 172 384 imo
203 347 331 397 populi
362 348 540 398 applausu
577 349 700 387 fiebat.
772 349 826 386 At
860 350 1062 389 Dominico
1096 360 1275 403 sequente
1311 354 1508 404 episcopus
1546 354 1671 392 Cic-es-

94 410 242 457 nensis,
260 411 413 449 nomine
434 411 806 463 Christophersonus,
828 413 912 464 (qui
932 415 1021 452 olim
1050 416 1222 453 salutavit
1249 424 1287 454 tc
1307 418 1343 455 in
1371 418 1513 455 milibus
1534 419 1609 455 tuis
1635 419 1671 456 in

94 482 304 513 transcursu
335 489 403 514 suo
441 477 479 514 in
514 477 676 522 Italiam,
710 484 767 514 est
801 478 901 514 enim
938 480 1112 529 egregius
1145 480 1325 531 papista,)
1356 482 1514 519 cundem
1548 483 1670 520 locum

96 539 315 589 occupabat,
344 546 382 578 et
410 541 448 578 in
477 541 658 578 concione
687 554 755 578 sua
783 547 930 578 strenue
958 549 995 579 et
1019 557 1159 593 magna
1185 558 1267 581 cum
1297 546 1466 583 libertate
1495 546 1555 597 (ut
1581 548 1672 584 satis

95 617 242 654 semper
275 605 435 643 audaces
472 611 560 642 sunt
594 603 773 656 papistae)
810 605 995 643 refutabat
1030 609 1156 645 onmia
1191 622 1276 658 quic
1308 609 1408 658 prius
1444 610 1671 653 dicebantur,

95 668 260 705 clamans
284 667 443 714 fortiter,
472 669 532 707 Ne
563 669 721 707 credatis
743 669 830 706 huic
856 683 967 706 novae
995 671 1199 716 doctrinzn;
1233 686 1308 710 non
1337 682 1394 710 cst
1422 675 1671 722 evangelium,

95 733 161 770 sed
188 745 368 770 novorum
396 733 591 771 hominum
617 739 656 771 ct
679 733 929 772 hereticorum
956 748 1094 772 novum
1122 737 1324 782 inventum,
1356 744 1427 775 etc.
1470 738 1529 775 Ad
1559 739 1670 776 istum

95 796 247 834 modum
278 797 398 835 bonus
430 798 491 835 ille
523 799 669 849 papista
698 811 765 835 sua
794 798 1012 836 confirmare
1038 806 1075 836 et
1101 802 1284 851 evangelii
1315 802 1506 839 veritatem
1540 803 1672 840 tollere

96 862 355 899 contendebat.
411 862 471 900 De
504 876 577 913 qua
604 876 643 900 re
670 875 755 899 cum
787 863 948 912 primum
980 863 1129 913 Regina
1157 866 1368 911 audivisset,
1398 867 1537 903 bonum
1568 867 1669 903 illum

96 925 312 977 episcopum
339 927 385 964 ad
414 940 454 964 sc
479 927 648 964 accersiri
674 926 829 970 curavit,
857 933 894 963 et
922 927 968 963 de
999 928 1177 965 concione
1207 930 1455 968 examinatum
1482 931 1519 968 in
1550 944 1670 968 carce·

95 1002 174 1028 rem
203 991 339 1041 conjici
362 992 486 1042 jussit.

177 1055 343 1093 Mutavit
369 1056 446 1093 fere
472 1056 622 1106 Regina
654 1068 786 1093 omnes
813 1055 1044 1093 consiliarios
1073 1069 1170 1102 suos,
1202 1063 1239 1094 ct
1268 1072 1334 1109 pro
1365 1059 1522 1109 papistis
1553 1060 1672 1096 bonos

99 1119 332 1157 Christianos
358 1120 428 1157 sibi
456 1120 668 1170 assumpsit.
724 1120 775 1158 Et
802 1133 887 1170 spes
916 1120 1065 1170 quidem
1090 1133 1227 1171 magna
1252 1129 1322 1167 est,
1348 1123 1448 1173 quod
1471 1124 1562 1160 totis
1586 1123 1670 1160 viri-

51 1212 55 1216 ·
97 1185 166 1222 bus
197 1185 434 1234 evangelium
465 1185 712 1235 promovebit,
745 1190 783 1221 et
815 1197 974 1234 regnum
1008 1183 1148 1222 Christi
1177 1187 1424 1236 amplificabit.
1483 1187 1595 1232 Quod
1630 1193 1671 1223 ut

97 1248 222 1294 faciat,
242 1249 288 1286 ab
307 1249 482 1286 omnibus
500 1249 572 1299 piis
589 1249 778 1298 rogandus
797 1254 855 1286 est
875 1248 991 1286 Deus.
1049 1248 1242 1299 Philippus
1264 1251 1366 1287 misit
1390 1251 1436 1288 ad
1456 1251 1556 1288 illam
1576 1251 1672 1288 ccle—

97 1313 199 1351 brem
228 1318 266 1350 et
291 1313 533 1363 magnificam
563 1313 813 1363 legationem;
844 1312 933 1363 quid
957 1318 1081 1350 autem
1109 1313 1169 1358 sit,
1195 1315 1292 1364 quod
1317 1315 1416 1358 velit,
1444 1315 1670 1365 ignoramus.

96 1377 152 1415 At
178 1377 208 1415 si
233 1377 376 1427 cogitet
400 1377 436 1415 id
455 1378 555 1428 quod
580 1384 645 1414 tua
670 1378 866 1428 prudentia
890 1378 1093 1422 metuebat,
1117 1391 1266 1428 operam
1295 1380 1432 1429 perdet,
1460 1392 1528 1416 nec
1554 1379 1670 1416 hilum

97 1441 248 1492 quidem
272 1442 454 1492 proficiet.
501 1442 550 1479 D.
577 1441 777 1486 lVrottius‚
803 1442 850 1479 D.
874 1441 1013 1486 Cocus,
1042 1449 1079 1478 et
1109 1443 1171 1479 alii
1202 1443 1346 1480 nobiles
1379 1436 1488 1481 hodic
1515 1444 1670 1493 primum

96 1506 258 1556 ingressi
285 1513 372 1544 sunt
399 1506 479 1544 iter.
537 1506 630 1544 Cras
663 1520 736 1557 ego
760 1506 883 1544 fausto
912 1507 1078 1544 Domino
1107 1520 1248 1557 sequar.
1306 1508 1402 1544 Cum
1429 1508 1466 1544 in
1493 1507 1672 1557 Angliam

95 1583 246 1616 venero,
275 1571 464 1621 quomodo
488 1584 547 1608 res
576 1571 627 1608 ibi
653 1577 841 1622 gerantur,
871 1571 1068 1621 diligenter
1096 1571 1142 1608 ad
1165 1578 1202 1608 te
1226 1572 1460 1622 perscribam.
1518 1572 1672 1609 Interim

95 1648 188 1685 roga
210 1641 251 1673 tu
278 1636 402 1673 Deum
427 1648 497 1686 pro
527 1641 627 1673 statu
656 1636 826 1673 ecclesiae
854 1634 1093 1686 Anglicanae,
1121 1642 1158 1673 ct
1179 1649 1245 1686 pro
1270 1637 1379 1673 nobis
1404 1637 1547 1673 miseris
1573 1636 1672 1673 vorbi

96 1700 290 1745 ministris,
310 1700 445 1751 quibus
465 1714 578 1750 grave
598 1706 636 1737 et
661 1700 809 1738 difficile
827 1713 921 1737 onus
940 1699 1133 1738 incumbit.
1187 1700 1268 1738 Nos
1288 1700 1449 1737 vicissim
1468 1713 1535 1751 pro
1555 1707 1675 1737 vestra

99 1764 255 1802 ecclesia
279 1771 317 1802 et
340 1778 408 1815 pro
433 1765 540 1802 vobis
561 1765 686 1802 Deum
706 1763 942 1802 vehementer
964 1764 1208 1814 precabimur.
1263 1765 1285 1801 J
1290 1778 1349 1801 am
1369 1765 1493 1802 media
1510 1778 1584 1802 nox
1606 1771 1675 1809 cst,

98 1835 135 1866 et
164 1842 243 1866 cras
271 1842 381 1866 mane
400 1828 492 1866 mihi
511 1829 778 1883 discedendum
807 1834 874 1866 est.
943 1829 1001 1866 Tu
1027 1829 1142 1879 igitur
1170 1829 1263 1865 bene
1291 1829 1384 1870 vale,
1414 1830 1469 1866 vir
1493 1829 1672 1867 colendis-

98 1893 204 1931 sime.
265 1893 504 1931 Turbulente.
546 1893 790 1943 Argentorati
809 1893 1025 1930 Decembris
1045 1895 1108 1937 20,
1127 1893 1185 1930 vel
1205 1893 1234 1930 si
1254 1894 1370 1930 mavis
1390 1896 1454 1939 21,
1478 1895 1590 1931 1558.

1060 1969 1131 2006 Tui
1161 1968 1466 2015 studiosissimus,

916 2049 1171 2088 EDWINUS
1200 2050 1426 2097 SANDUS,
1456 2052 1621 2100 Anglus.

387 2129 652 2155 lxscmPTlo.

180 2185 450 2222 colendissimo
485 2185 569 2221 viro
608 2184 774 2220 Domino
811 2184 1050 2230 Βιιίἶίηςενο,
1090 2184 1163 2219 Ec—

248 2251 368 2286 clesiae
382 2249 582 2293 Tigurinoe
592 2249 742 2296 pastori
758 2249 1063 2294 vigilantissimo,
1074 2248 1161 2284 Duo

248 2327 316 2351 suo
333 2315 548 2363 plurimum
575 2313 820 2349 observando.
876 2312 1024 2359 Tiguri.

674 2535 969 2577 EPISTOLA
1014 2535 1100 2576 III.

313 2696 569 2728 JOHANNES
593 2696 804 2728 JUELLUS
832 2696 899 2727 AD
930 2696 1129 2727 PETRUM
1163 2696 1458 2728 MARTYREM.

180 2782 217 2820 S.
233 2781 280 2819 D.
338 2782 400 2819 Da
420 2783 538 2833 prima
555 2782 618 2819 illa
635 2787 763 2819 nostra
780 2781 1022 2832 profectione,
1040 2787 1078 2818 et
1096 2781 1142 2818 de
1159 2782 1266 2818 novis
1285 2782 1470 2827 omnibus,
1486 2796 1572 2833 qua}
1591 2789 1668 2821 tum

99 2846 312 2884 ferebantur
338 2846 513 2891 Basilem,
538 2846 666 2896 scripsi
691 2845 737 2882 ad
761 2850 797 2882 tc
815 2858 879 2896 per
900 2846 946 2883 D.
967 2845 1162 2883 Simlerum
1184 2851 1362 2883 nostrum.
1420 2847 1563 2891 Quinto
1585 2861 1670 2898 pos-

98 2909 209 2948 tridie
223 2911 283 2948 vix
298 2911 532 2962 pervenimus
546 2909 796 2960 Argcntinam
812 2923 819 2953 ;
844 2914 1038 2960 tantopere
1052 2909 1178 2947 miseri
1196 2910 1316 2947 coacti
1335 2923 1459 2948 sumus
1474 2911 1613 2949 ba‘rcrc
1631 2913 1667 2949 in

100 2974 190 3013 luto.
254 2975 331 3013 Hie
351 2988 483 3013 omnes
501 2980 648 3013 nostros
667 2974 875 3013 invenimus
893 2975 1100 3013 incolumes
1118 2980 1154 3012 et
1172 2975 1432 3025 cupidissimos
1451 2976 1518 3013 tui.
1569 2977 1667 3022 Quid

1423 3041 1554 3080 '‘J—2
