1845 3233
105 124 274 180 xxxiv]
632 138 687 164 Ar)
722 137 884 163 vernum
917 136 975 162 MA
982 135 1158 162 RTYREM.
1624 121 1677 162 49

107 254 230 292 venire
254 252 406 292 solum?
462 253 667 303 Exspectet
695 251 818 302 potius
840 250 1055 302 paullulum,
1080 256 1119 288 et
1140 256 1263 287 tecum
1290 248 1427 286 veniat.
1485 247 1569 286 Imo
1594 247 1683 299 quid

103 324 320 370 exspectare
330 318 468 369 jubeo?
490 317 513 355 J
517 316 720 355 amdudum
735 315 880 354 venisse
895 315 1072 366 oportuit.
1103 314 1209 360 Vale,
1225 314 1278 351 mi
1292 319 1408 365 pater,
1424 314 1515 351 vale.
1547 313 1682 351 Dicam

106 383 186 427 tibi,
208 396 329 434 spero,
348 382 549 433 aliquando
568 394 693 419 coram
713 387 751 419 ct
769 381 808 418 in
829 394 884 426 os,
911 380 970 418 Mi
988 386 1105 431 pater,
1131 380 1242 417 salve.
1280 379 1410 417 Saluta
1428 392 1513 416 meo
1531 379 1683 416 nomine

106 447 290 497 optimam
316 446 417 484 illam
442 446 649 488 mulierem,
676 459 830 483 uxorem
855 452 970 489 tuam,
1002 445 1050 483 D.
1080 445 1352 495 Bullingerum,
1379 445 1425 482 D.
1453 444 1683 488 Gualterum,

114 512 157 549 D.
184 511 420 556 Lavatcrum,
454 512 502 549 D.
534 510 707 556 Frisium,
740 511 788 548 D.
820 510 1030 554 Simlerum,
1062 510 1109 547 D,
1141 511 1361 554 Gesnerum,
1394 510 1441 548 D.
1474 509 1683 552 Hallerum,

110 576 158 613 D.
186 576 392 620 'Wickiunn
418 576 466 613 D.
499 575 772 621 Hermannum,
797 575 829 612 si
855 581 910 612 est
933 574 1053 612 adhuc
1083 575 1179 625 apud
1203 581 1254 620 te,
1284 574 1439 619 Julium,
1464 574 1618 618 Juliam,
1648 579 1686 611 ct

110 641 372 691 Martyrillum.
429 639 510 678 Nos
538 653 669 677 omnes
693 640 862 691 dissipati
883 640 964 689 jam
990 652 1118 677 sumus
1147 640 1185 676 in
1209 640 1479 691 dispersionem
1502 640 1685 690 gentium,

111 711 151 742 ut
177 706 265 756 quid
291 705 353 742 alii
377 705 508 742 fratres
530 705 645 742 nostri
672 705 822 749 faciant,
849 704 941 742 nihil
965 704 1107 756 possim
1131 710 1234 742 certo
1253 705 1431 742 seribere:
1460 717 1541 742 esse
1559 710 1686 741 tamen

110 771 169 821 pie
203 775 405 820 occupatos
440 770 478 806 in
507 770 762 821 promovendo
791 769 1001 820 evangelio,
1040 775 1078 806 et
1106 769 1160 806 tui
1193 770 1378 820 vestrique
1410 769 1576 807 omnium
1608 781 1686 805 me-

109 848 246 876 mores,
261 835 355 872 nihil
375 835 516 872 dubito.
572 834 727 880 Iterum,
752 834 803 871 mi
822 840 939 884 pater,
965 834 1058 878 vale,
1085 840 1123 871 et
1147 847 1210 871 ora
1231 834 1366 879 Deum,
1386 840 1427 871 ut
1451 833 1548 871 lianc
1567 834 1687 871 lucem

112 900 198 938 velit
217 900 324 938 nobis
344 913 423 938 esse
442 906 671 951 perpetuam.
726 899 955 945 Sarisbcriae,
975 898 1154 937 Calendis
1173 898 1291 943 Junii,
1316 900 1427 936 1560.

726 980 799 1018 Tui
826 980 989 1019 nominis
1017 980 1378 1024 observantissimus,

1090 1074 1166 1112 JO.
1193 1073 1448 1118 JUELLUS,
1479 1072 1634 1124 Anglus.

535 1156 792 1182 INSCRIPTIO.

217 1210 446 1248 Doctissimo
476 1212 508 1245 et
535 1210 780 1246 ornatissimo
808 1210 902 1253 viro,
928 1209 977 1245 D.
1005 1209 1120 1245 Petro

267 1275 443 1321 Martyrz'
466 1273 658 1317 Vermilio,
677 1274 825 1310 docenti
840 1286 972 1310 sacras
990 1273 1121 1309 literas

270 1341 311 1375 in
337 1338 465 1374 scs'zola
490 1337 690 1385 Tigurina,
724 1339 878 1375 domino
903 1351 970 1375 suo
1000 1339 1121 1374 colen-

274 1404 363 1440 diss

1021 1454 1119 1503 Tigu
1126 1457 1170 1491 ri.

636 1797 938 1841 EPISTOLA
980 1798 1191 1840 XXXV.

300 2031 501 2063 THOMAS
532 2033 749 2065 LEVERUS
773 2035 841 2065 AD
870 2035 1130 2067 HENRICUM
1160 2033 1529 2065 BULLINGERUM.

206 2116 298 2155 SAL.
322 2131 380 2155 PL.
401 2119 438 2155 in
459 2118 610 2157 Christo
625 2121 728 2158 Jesu.
783 2121 902 2159 Binas
925 2136 947 2159 a
972 2123 1227 2160 dominatione
1249 2128 1314 2160 tua
1339 2122 1464 2172 accepi
1492 2122 1628 2166 literas,
1656 2133 1700 2157 cx

128 2196 202 2234 quo
226 2182 264 2219 in
284 2181 463 2232 Angliam
488 2183 598 2221 redii:
624 2191 662 2221 et
685 2185 798 2223 semel
822 2186 868 2223 ad
892 2192 929 2223 te
955 2187 1083 2237 scripsi
1108 2187 1152 2224 de
1176 2187 1374 2237 religione,
1400 2193 1438 2224 et
1466 2187 1510 2224 dc
1537 2200 1596 2224 me
1622 2186 1704 2236 ipso

128 2247 313 2297 quaedam,
340 2260 426 2297 quae
453 2261 501 2284 ex
530 2248 714 2298 prioribus
741 2250 816 2287 tuis
845 2250 893 2287 ad
920 2263 980 2287 me
1011 2250 1129 2288 literis
1154 2251 1200 2288 ad
1228 2264 1360 2289 manus
1388 2259 1470 2289 tuas
1496 2251 1704 2301 pervenisse

130 2311 306 2349 intellexi.
374 2311 418 2348 In
455 2312 721 2361 posterioribus
757 2314 831 2351 tuis
869 2316 919 2351 20
958 2314 1089 2351 Martii
1126 2329 1148 2352 a
1183 2316 1337 2366 Tiguro,
1374 2323 1412 2354 ct
1449 2322 1574 2353 tamen
1611 2314 1703 2352 mihi

130 2376 273 2414 traditis
302 2388 379 2412 non
410 2383 498 2413 ante
528 2378 577 2412 212
604 2377 710 2415 Junii
739 2378 776 2415 in
799 2377 951 2429 Anglia,
982 2379 1111 2416 scribis
1140 2380 1237 2430 apud
1268 2394 1331 2418 vos
1362 2381 1407 2418 dc
1435 2380 1543 2418 rebus
1571 2380 1705 2418 nostris

130 2440 249 2478 iarios
276 2440 511 2490 incertosque
540 2454 708 2478 rumores
742 2443 880 2493 spargi,
914 2455 982 2480 vos
1016 2450 1140 2480 autem
1171 2458 1193 2481 a
1224 2445 1332 2482 nobis
1365 2445 1455 2496 ipsis
1491 2450 1707 2496 exspectare

128 2504 294 2542 certiora.
352 2505 450 2542 Ecce
481 2518 587 2555 ergo,
615 2519 701 2542 vera
730 2512 904 2557 certaque
936 2513 1023 2544 sunt
1049 2520 1134 2557 qum
1161 2521 1259 2546 nunc
1289 2509 1422 2554 scribo,
1453 2515 1494 2547 ut
1522 2515 1559 2546 ct
1583 2515 1707 2547 cetera

130 2582 216 2618 quae
239 2582 338 2606 anno
367 2569 547 2618 superiori
575 2569 622 2606 ad
648 2575 684 2606 te
704 2578 742 2607 et
766 2571 950 2608 Bernatcs
977 2571 1119 2621 scripsi,
1146 2572 1321 2610 nimirum
1349 2573 1396 2611 ad
1427 2574 1474 2611 D.
1494 2573 1706 2612 tIohannem

138 2633 329 2671 Halleruln
364 2639 402 2670 et
431 2633 478 2670 D.
508 2633 734 2671 Musculum.
795 2635 977 2673 Doctrina
1009 2649 1095 2673 vcra
1128 2636 1342 2688 sinceraque
1378 2638 1491 2676 libere
1528 2639 1706 2689 praedica-

131 2704 190 2735 tur
217 2710 282 2748 per
309 2697 490 2748 Angliam
519 2699 565 2736 ab
602 2699 684 2743 illis,
715 2699 778 2749 qui
812 2706 1091 2750 cognoscuntur
1117 2714 1226 2751 posse
1259 2707 1298 2738 ct
1328 2701 1418 2738 velle
1449 2702 1486 2740 id
1518 2709 1707 2754 praestare,

132 2775 196 2813 per
222 2761 346 2799 literas
378 2763 706 2800 commendatitias
734 2777 756 2800 a
782 2764 930 2814 Regina
952 2764 1009 2802 vel
1035 2765 1082 2802 ab
1109 2765 1286 2816 episcopo
1310 2765 1434 2817 aliquo
1464 2767 1615 2817 ignotos
1645 2768 1707 2805 ad-

131 2825 304 2863 mittendi
344 2825 382 2862 in
425 2827 594 2864 ecclesiis
637 2833 678 2864 ut
720 2828 1032 2867 concionatores:
1078 2830 1212 2867 ceteris
1248 2829 1347 2867 enim
1385 2831 1559 2869 omnibus
1597 2833 1703 2870 inter-

130 2890 265 2927 dicitur
289 2890 326 2926 in
355 2890 521 2928 ecclesiis
551 2892 799 2930 concionandi
825 2906 972 2931 munus.
1029 2893 1142 2931 Nulla
1166 2893 1286 2932 adhuc
1309 2894 1504 2946 disciplina
1525 2896 1599 2934 ulla
1625 2910 1710 2934 auc-

134 2954 286 2991 toritate
314 2954 464 3004 publica
496 2954 555 2993 hic
586 2957 838 2995 constituitur.
893 2957 963 2995 Sed
998 2958 1151 3009 liturgia
1183 2971 1250 3010 pro
1283 2960 1441 3010 publicis
1474 2961 1644 3012 precibus
1673 2968 1710 2999 et

1541 3015 1597 3054 ⁴⁶4·

261 3068 428 3125 [acumen
462 3070 664 3127 terreus]
