1845 3233
89 128 216 184 xxm]
416 143 624 169 -JOHANNES
655 142 828 169 JUELLUS
865 142 917 168 An
950 142 1094 168 JOSIAM
1126 141 1350 168 smmnmt.
1617 128 1670 167 529

636 255 932 297 EPISTOLA
964 255 1128 299 XXII.

322 362 580 393 JOHANNES
608 362 821 393 JUELLIfS
853 363 921 393 AD
952 361 1133 393 JOSlAM
1165 358 1440 391 SIMLERUM.

169 421 447 459 GnA-rumms
474 427 516 458 tu
539 422 688 471 quidem
717 421 808 458 mihi
836 434 904 472 pro
927 426 992 458 tua
1020 419 1267 464 humanitate,
1286 418 1337 455 mi
1362 417 1468 455 Josia
1482 431 1492 460 3
1522 421 1561 452 at
1584 429 1673 466 ego—

90 492 167 523 met
194 485 287 522 mihi
320 485 389 535 ipsi
423 498 500 522 non
536 486 712 533 gratulor.
772 486 854 523 Etsi
888 486 988 523 enim
1019 484 1111 521 nihil
1143 483 1233 520 mihi
1266 482 1387 520 adhuc
1420 480 1519 519 aliud
1554 481 1673 532 impo-

90 550 202 587 situm
222 549 271 586 sit
289 562 400 600 quam
420 563 560 587 nomen
586 550 765 602 episcopi,
790 563 869 587 rem
895 557 1019 587 autem
1045 549 1165 600 ipsam
1185 554 1223 585 et
1247 547 1479 584 functionem
1507 547 1672 584 nondum

91 614 303 665 attigerim;
331 620 457 651 tamen
483 614 573 652 illud
598 615 719 666 ipsum
744 628 840 652 onus
865 615 980 665 longe
1007 614 1126 665 impar
1154 612 1276 650 sentio
1298 625 1378 649 esse
1400 611 1495 649 meis
1522 607 1672 657 viribus,

92 685 130 716 et
159 680 238 729 jam
270 692 369 716 nunc
405 684 552 716 tantum
590 680 658 716 sub
696 680 797 716 inani
833 679 944 716 titulo
983 678 1123 729 incipio
1171 677 1423 714 succumbere.
1495 676 1595 721 Quid
1634 682 1673 714 tu

91 745 254 781 futurum
293 757 438 788 censes,
476 744 539 780 ubi
572 744 619 780 ad
656 757 733 781 rem
773 744 891 794 ipsam
920 749 1072 780 ventum
1108 742 1205 779 erit?
1262 741 1400 778 Literae
1436 747 1561 777 tamen
1599 746 1675 777 tuae

93 808 184 846 mihi
213 808 333 845 multo
361 808 630 858 jucundissime
667 808 895 846 acciderunt.
952 807 1037 845 Vidi
1071 807 1170 844 enim
1201 807 1239 842 in
1271 805 1343 842 illis
1371 811 1408 842 et
1440 805 1605 842 animum
1637 812 1674 842 et

92 887 257 911 amorem
282 886 372 922 erga
400 886 459 909 me.
488 879 604 910 tuum.
667 873 713 910 Et
737 879 835 910 certe
855 872 946 923 quid
966 878 1092 923 potest
1115 885 1137 908 a
1155 871 1177 908 J
1183 871 1276 914 osia,
1301 870 1456 907 homine
1479 869 1673 920 jucundis-

92 939 200 979 simo,
230 938 415 988 proficisci
442 950 519 974 non
543 936 778 987 jucundum?
836 937 962 982 Quare
990 936 1060 973 tibi
1086 942 1124 973 et
1150 936 1195 973 de
1221 935 1338 972 literis
1362 934 1450 978 tuis,
1479 940 1517 971 ct
1544 934 1589 971 de
1612 934 1671 971 illa

94 1003 360 1053 gratulatione,
396 1002 466 1039 etsi
504 1001 595 1039 mihi
629 1015 687 1039 res
723 1002 804 1052 ipsa
836 1001 1061 1052 permolesta
1097 1006 1135 1037 et
1170 1001 1320 1049 ingrata
1352 999 1529 1043 videatur,
1563 1012 1672 1049 quam

93 1081 244 1117 possum
273 1067 505 1117 gratissimas
534 1080 608 1117 ago
636 1066 788 1116 gratias.

175 1133 287 1176 Quod
308 1131 450 1174 scribis,
472 1145 618 1182 sperare
637 1137 674 1168 te
694 1131 891 1182 episcopos
909 1130 1008 1181 apud
1031 1144 1100 1168 nos
1131 1130 1211 1166 sine
1234 1129 1317 1166 ullis
1347 1128 1617 1179 superstitiosis
1636 1136 1673 1165 et

94 1197 232 1248 putidis
252 1197 474 1234 ceremoniis
502 1196 729 1246 inaugurari,
760 1195 833 1232 1100
857 1201 926 1240 est,
955 1195 1101 1245 opinor,
1129 1194 1209 1231 sine
1236 1193 1335 1235 oleo.
1362 1193 1443 1230 sine
1462 1192 1672 1235 chrismate,

94 1262 174 1299 sine
193 1261 399 1304 novacula3
422 1260 514 1297 nihil
534 1260 683 1298 falleris.
741 1260 892 1297 Frustra
911 1260 1012 1296 enim
1032 1258 1214 1296 exhausta
1233 1263 1332 1294 esset
1351 1257 1511 1302 sentina,
1532 1258 1563 1294 si
1583 1258 1674 1295 istas

94 1325 267 1376 reliquias
282 1330 494 1375 pateremur
510 1324 547 1361 in
568 1324 682 1361 fundo
701 1324 874 1361 residere.
924 1323 1071 1361 Unctos
1087 1323 1192 1367 istos,
1211 1327 1249 1359 et
1265 1335 1383 1367 rasos,
1404 1327 1442 1358 ct
1456 1327 1676 1372 personatos

94 1397 240 1427 ventres
269 1390 429 1426 Romam
452 1389 676 1433 remisimus,
704 1388 800 1425 unde
819 1388 902 1425 illos
931 1388 1088 1438 primum
1116 1387 1341 1437 accepimus.
1396 1386 1556 1424 Nostros
1575 1387 1673 1424 enim

93 1467 174 1491 esse
188 1454 359 1491 volumus
378 1459 546 1504 pastores
566 1452 777 1503 operosos¹‚
794 1453 938 1502 vigiles,
955 1453 1165 1502 episcopos.
1203 1452 1366 1502 Quoque
1385 1451 1423 1488 id
1443 1452 1676 1489 commodius

94 1519 214 1568 possit
232 1518 324 1563 fieri,
345 1532 433 1568 opes
455 1517 715 1568 episcoporum
737 1517 1020 1562 immimumtur,
1050 1523 1089 1553 et
1107 1517 1153 1553 ad
1173 1516 1470 1553 mediocritatem
1489 1516 1675 1566 quandam

93 1583 337 1633 rediguntur3
379 1588 418 1619 ut
461 1582 597 1619 semoti
629 1582 675 1619 ab
703 1582 766 1619 illa
793 1582 900 1632 regia
927 1594 1067 1632 pompa
1095 1587 1133 1618 et
1166 1581 1322 1631 strepitu
1356 1581 1491 1625 aulico,
1528 1581 1675 1631 possint

94 1647 331 1698 tranquillius
355 1652 393 1684 et
418 1647 597 1684 attentius
617 1660 747 1684 vacare
773 1646 878 1697 gregi
899 1645 1055 1683 Christi.
1111 1645 1224 1691 Quod
1248 1651 1375 1682 autem
1401 1645 1544 1683 Julium
1569 1652 1674 1682 tuum

95 1725 290 1762 meumque
318 1712 371 1749 ita
396 1711 593 1749 ambitiose
620 1711 873 1755 commendas,
903 1711 973 1748 etsi
1000 1724 1040 1748 es
1069 1711 1209 1756 Josias,
1234 1717 1362 1748 tamen
1381 1716 1474 1761 puto
1499 1711 1539 1747 in
1567 1723 1611 1747 ea
1638 1724 1675 1747 re

95 1776 185 1814 mihi
205 1790 226 1813 a
246 1784 282 1814 te
308 1776 480 1827 injuriam
501 1776 591 1813 fieri.
650 1776 752 1821 Quid
776 1775 904 1812 enim?
959 1774 1022 1812 An
1048 1789 1121 1826 ego
1145 1775 1286 1813 Julium
1312 1789 1451 1821 meum,
1475 1775 1674 1826 hospitem,

96 1842 270 1886 amicum,
298 1841 446 1879 fratrem
480 1854 604 1878 meum
638 1854 714 1877 non
743 1840 860 1878 novi?
916 1839 977 1877 An
1006 1847 1133 1890 potest
1163 1854 1327 1891 unquam
1372 1841 1453 1890 ejus
1497 1840 1674 1883 calvities,

96 1912 203 1942 tanta
227 1906 447 1956 praesertim,
477 1905 570 1942 mihi
601 1905 772 1942 excidere
801 1919 847 1942 ex
880 1905 1040 1942 animo?
1083 1905 1149 1942 Dii
1182 1905 1360 1942 meliora!
1411 1905 1574 1949 Quoties
1603 1918 1675 1954 ego

97 1983 224 2007 senem
246 1970 409 2021 aliquem
438 1972 594 2016 calvum,
625 1970 829 2012 incurvum,
856 1970 1058 2020 obstipum,
1088 1975 1321 2021 prementem
1349 1970 1484 2011 alvum,
1510 1976 1548 2005 et
1570 1983 1675 2006 caca-

98 2034 297 2072 turienteni
317 2035 438 2079 video,
467 2035 579 2072 toties
603 2034 696 2072 mihi
721 2034 759 2070 in
784 2034 951 2071 animum
971 2034 1125 2071 incurrit
1150 2047 1256 2071 meus
1280 2034 1414 2071 Julius.
1441 2034 1551 2071 Certe
1572 2033 1675 2084 quie-

99 2099 190 2149 quid
217 2099 299 2142 erit,
326 2099 356 2136 si
381 2099 440 2136 vel
469 2099 625 2136 consilio
654 2099 712 2136 vel
740 2098 879 2136 auxilio
908 2099 966 2136 vel
994 2112 1034 2136 re
1061 2099 1118 2135 vel
1144 2099 1256 2136 etiam
1282 2099 1447 2149 capistro
1476 2112 1570 2148 opus
1592 2099 1676 2139 erit,

97 2163 220 2201 Julims
249 2164 345 2213 apud
375 2163 538 2201 Juellum
569 2177 714 2213 semper
737 2164 806 2200 erit
833 2163 968 2201 Julius.
1025 2164 1142 2201 Extra
1161 2164 1305 2213 jocum,
1333 2163 1396 2200 ubi
1417 2163 1539 2200 Julius
1571 2175 1676 2199 meus

99 2228 146 2265 ad
175 2241 243 2265 nos
277 2229 430 2272 venerit,
462 2228 493 2264 si
522 2228 611 2278 quid
637 2228 762 2265 Juello
790 2228 983 2278 supererit,
1012 2241 1087 2265 non
1114 2229 1254 2277 egebit.

180 2293 285 2330 Bene
315 2292 407 2337 vale,
442 2293 491 2329 mi
519 2292 636 2336 Josia,
657 2299 695 2328 et
723 2305 875 2329 uxorem
902 2298 1018 2336 tuam,
1047 2292 1228 2342 optimam
1254 2292 1459 2336 mulierem,
1487 2298 1524 2328 et
1550 2291 1676 2328 cultis-

100 2357 235 2394 simum
267 2364 377 2408 atque
405 2357 711 2394 humanissimum
738 2357 916 2406 juvenem
952 2356 1210 2394 Hermannum
1241 2357 1360 2394 saluta
1395 2369 1479 2393 meo
1509 2356 1675 2393 nomine.

101 2422 347 2460 Parkhurstus
370 2436 430 2459 rus
449 2422 540 2459 abiit
558 2422 604 2458 ad
621 2434 779 2470 regnum
808 2434 926 2458 suum.
985 2421 1115 2458 Oravit
1135 2427 1260 2458 tamen
1281 2434 1340 2457 me
1365 2420 1615 2470 proficiscenS,
1637 2427 1677 2457 ut

99 2488 167 2525 tibi
201 2501 268 2524 suo
301 2488 452 2524 1101111110
485 2499 594 2537 quam
630 2486 898 2523 officiosissime
925 2486 1080 2523 salutem
1105 2485 1279 2523 dicerem.
1337 2483 1448 2528 Vale,
1478 2485 1530 2521 mi
1555 2484 1676 2527 Josia,

101 2553 192 2589 vale.
251 2551 406 2589 Utinam
441 2551 640 2601 aliquando
669 2551 791 2588 dicere
819 2550 960 2601 possim
991 2550 1059 2587 tibi
1085 2563 1223 2593 coram,
1249 2549 1368 2595 Josia,
1399 2549 1519 2587 salve!
1576 2549 1676 2588 Lon-

98 2617 192 2661 dini,
220 2619 242 2653 2
270 2617 507 2662 Novembris,
532 2618 643 2652 1559.

861 2668 960 2705 Tuus
989 2681 1034 2705 ex
1061 2667 1200 2712 animo,

364 2746 622 2772 msemr‘rm.
1050 2732 1341 2770 JOHANNES
1369 2732 1623 2771 JUELLL'S.

208 2802 448 2843 Doclisximo,
480 2803 592 2847 alque
620 2800 830 2835 humanit-‚sa

310 2868 394 2902 Tiro
428 2865 475 2901 D.
508 2865 626 2900 ,losiaf
658 2864 829 2903 Simlero,

311 2932 437 2966 amico
463 2930 674 2965 carissimo.

576 2993 720 3040 Tiguri.

785 3044 805 3078 [¹
829 3045 890 3071 Ms'.
912 3044 1038 3078 operas]
