1845 3233
152 136 171 174 1
180 137 236 176 58
753 144 946 172 R10Aanus
980 144 1115 172 HILLES
1569 127 1713 188 [Emsr.

151 264 252 303 allati
271 263 347 301 sint
362 262 433 299 huc
452 272 517 312 per
529 259 831 305 Froschoverum,
849 260 925 297 dati
943 260 1011 310 ipsi
1027 257 1327 311 Francfordiaefet
1346 260 1447 298 allati
1464 272 1509 298 ex
1524 259 1716 311 Anglia‚’')

150 331 189 368 in
215 342 258 366 ea
278 341 317 365 re
346 325 471 363 nescio
494 324 679 375 quomodo
704 323 773 361 tibi
803 323 1041 370 satisfaciam,
1066 324 1153 374 quia
1180 323 1271 362 nihil
1296 325 1342 362 ad
1369 338 1429 362 me
1458 324 1599 369 scribis,
1627 337 1716 361 num

154 393 250 430 filius
275 403 379 428 meus
410 389 612 433 Barnabas,
637 387 699 438 qui
732 387 870 425 eisdem
903 388 1016 425 ctiam
1044 389 1219 426 nundinis
1252 389 1455 427 Francforti
1487 389 1618 434 fuerat,
1654 401 1718 426 eos

151 456 285 507 viginti
314 460 455 505 septem
475 453 628 490 dalleros
656 451 908 489 Froschovero
936 452 1149 491 numerarit.

231 519 360 569 Nepos
381 523 466 554 tuus
492 515 685 566 Zuinglius
707 515 768 552 die
789 515 916 552 Junii.
933 545 940 553 .
959 545 967 553 .
980 516 1149 566 proxime
1175 517 1290 567 elapsi
1311 516 1370 554 hic
1393 516 1555 555 Londini
1578 530 1624 554 ex
1647 516 1719 554 hoc

153 582 430 634 corruptissimo
460 581 584 619 seculo
611 580 785 630 migravit
814 581 862 618 ad
892 580 1028 626 Deum,
1066 587 1105 618 et
1137 581 1252 619 coetui
1278 587 1490 619 sanctorum
1526 582 1722 632 adjunctus

153 656 221 695 est,
255 648 295 685 in
327 660 402 698 quo
432 645 557 683 laudes
588 645 672 683 Deo
703 644 909 682 Liberatori
942 644 1117 684 concinit.
1174 645 1247 682 Sed
1279 646 1497 696 Rodolphus
1525 646 1722 684 Gualterus

154 728 226 753 una
254 725 337 750 cum
369 710 537 749 Henrico
567 709 722 748 Butlero
749 709 884 746 reversi
909 709 986 759 jam
1010 714 1097 747 sunt
1120 708 1415 760 Cantabrigiam,
1440 711 1537 748 unde
1556 710 1627 749 huc
1654 710 1722 749 sub

153 778 301 816 initium
338 774 558 826 parlamenti
592 778 773 811 venerunt
810 786 894 811 cum
931 773 1108 824 episcopo
1149 774 1432 821 Nordovicensi,
1468 789 1578 827 quem
1614 775 1723 813 audio

154 841 380 892 singularem
413 852 494 876 esse
522 843 719 889 patronum
743 836 911 874 Henrico
938 836 1115 882 Butlero;
1143 839 1247 888 cujus
1275 839 1335 876 Vel
1363 839 1474 877 matri
1504 840 1563 877 vel
1595 839 1723 877 amicis

154 907 251 958 apud
277 918 344 943 vos
369 916 498 954 quaeso
523 902 724 953 significes,
750 901 872 939 dicere
896 901 999 939 illum
1027 902 1167 940 nullam
1196 916 1236 940 se
1264 903 1310 941 ab
1338 904 1412 941 illis
1439 904 1636 955 pecuniam
1665 917 1724 941 ac-

154 971 308 1022 cepisse,
333 981 380 1006 ex
403 981 476 1018 quo
501 967 540 1004 in
565 965 745 1016 Angliam
767 965 881 1003 venit.
935 966 1021 1016 Ego
1048 965 1134 1003 ideo
1162 966 1228 1011 illi,
1249 980 1333 1004 cum
1358 973 1562 1018 aegrotaret
1586 967 1725 1005 Canta—

153 1035 300 1085 brighe,
332 1039 370 1070 et
393 1032 503 1083 paulo
523 1036 622 1076 ante,
646 1035 795 1067 mutuas
821 1029 908 1067 dedi
927 1030 1017 1067 duas
1042 1030 1151 1068 libras
1179 1036 1216 1068 et
1241 1031 1371 1069 decem
1399 1032 1538 1070 solidos
1559 1038 1726 1070 monetae

154 1098 324 1148 Angliae,
349 1108 435 1147 quae
463 1096 590 1133 valent
612 1094 651 1132 in
673 1099 827 1131 moneta
850 1093 1071 1132 Germanica
1094 1095 1280 1133 tredecem
1309 1095 1473 1134 florenos
1504 1103 1542 1134 et
1565 1097 1728 1148 quinque

155 1163 320 1201 batzios:
342 1173 435 1211 quos
454 1173 519 1197 oro
538 1159 693 1210 recipias
711 1159 756 1196 ab
776 1172 833 1204 ea,
852 1165 891 1196 et
910 1158 1111 1196 eorundem
1128 1159 1196 1196 tibi
1217 1173 1320 1197 serva
1341 1161 1545 1198 duodecem
1565 1160 1728 1199 florenos

155 1235 194 1266 et
222 1227 426 1265 duodecem
449 1224 606 1269 batzios,
638 1237 706 1274 pro
739 1229 827 1261 octo
857 1223 1046 1261 coronatis
1071 1223 1224 1261 Gallicis
1254 1237 1346 1275 quos
1374 1224 1468 1262 mihi
1495 1225 1598 1263 misit
1625 1238 1727 1263 reve-

155 1292 291 1330 rendus
320 1290 517 1341 episcopus
550 1288 844 1327 Nordovicensis
873 1301 946 1325 una
975 1302 1059 1326 cum
1089 1288 1265 1327 schedula
1290 1290 1352 1328 illa
1379 1303 1489 1341 quam
1519 1290 1559 1327 in
1588 1289 1646 1327 his
1671 1290 1729 1327 in-

156 1357 249 1394 clusi
276 1355 402 1393 literis.
460 1353 511 1391 Et
532 1353 627 1390 alios
653 1358 740 1390 octo
761 1354 906 1391 batzios
928 1353 1038 1391 velim
1066 1359 1108 1390 ut
1135 1354 1288 1404 pauperi
1312 1354 1437 1405 aliquo
1463 1354 1628 1392 studenti
1651 1354 1727 1393 des.

156 1423 322 1472 AEquum
346 1424 471 1456 autem
499 1423 555 1455 est
573 1417 635 1469 (ut
664 1423 751 1456 ante
780 1419 827 1456 ad
850 1424 888 1456 te
913 1418 1060 1469 scripsi)
1079 1431 1144 1456 eos
1167 1418 1231 1469 qui
1255 1418 1351 1456 filios
1377 1431 1463 1456 suos
1487 1419 1526 1455 in
1550 1418 1729 1469 Angliam

158 1486 327 1530 mittunt,
360 1483 462 1534 prius
496 1482 703 1520 Francforti
736 1496 839 1520 suam
876 1483 1074 1533 pecuniam
1108 1483 1315 1533 dependere
1346 1497 1426 1534 prae
1458 1496 1585 1529 manu,
1619 1496 1730 1533 quam

158 1556 283 1602 petere
307 1554 350 1586 ut
374 1547 437 1585 alii
455 1560 522 1598 pro
548 1547 620 1585 illis
638 1547 698 1584 hic
721 1547 760 1584 in
778 1547 922 1598 Anglia
939 1547 1041 1598 prius
1066 1547 1289 1598 dependant,
1317 1553 1354 1584 et
1373 1547 1578 1585 Francforti
1601 1553 1731 1597 postea

155 1614 326 1665 exigant.
384 1611 540 1650 Henrici
566 1611 710 1649 Butleri
732 1617 864 1657 mater,
884 1617 925 1649 ut
951 1612 1029 1662 ipse
1056 1611 1149 1648 mihi
1175 1612 1313 1657 retulit,
1335 1611 1529 1649 Lindaviae
1551 1611 1704 1649 habitat.

239 1676 410 1715 Secundo
431 1676 541 1725 hujus
563 1675 702 1712 mensis
726 1675 802 1712 dux
827 1675 1053 1720 Norfolcius,
1080 1687 1163 1712 cum
1186 1675 1292 1712 laesae
1310 1674 1516 1724 majestatis
1536 1675 1731 1713 damnatus

160 1743 279 1781 multo
312 1746 399 1778 ante
429 1740 571 1786 fuisset,
603 1739 737 1777 merito
774 1752 840 1777 suo
872 1739 1036 1778 Londini
1072 1739 1189 1777 securi
1221 1752 1415 1790 percussus
1453 1745 1520 1776 est.
1577 1741 1731 1778 Gaudeo

161 1805 264 1858 quod
292 1805 422 1843 scribis
449 1805 488 1842 in
514 1804 648 1841 iisdem
675 1803 791 1841 literis
819 1816 887 1841 vos
910 1804 999 1841 satis
1024 1803 1179 1854 pacifice
1203 1803 1276 1841 Dei
1306 1803 1425 1853 gratia
1448 1804 1567 1840 vivere
1597 1810 1634 1841 et
1668 1817 1731 1842 va-

167 1871 255 1908 lere.
311 1869 469 1907 Interim
495 1881 581 1906 vero
609 1868 732 1913 doleo,
759 1880 826 1905 vos
852 1881 1012 1905 annonae
1036 1873 1073 1904 et
1097 1868 1265 1906 omnium
1285 1881 1406 1905 rerum
1431 1868 1582 1906 caritate
1604 1869 1732 1919 premi.

168 1935 284 1986 Spero
309 1940 435 1971 tamen
454 1933 532 1971 fore
554 1938 596 1970 ut
618 1932 823 1983 postillam
842 1938 1002 1970 vestram
1025 1932 1172 1982 publice
1195 1932 1404 1970 institutam
1423 1932 1733 1984 supplicationem

166 2000 269 2037 Deus
297 1998 386 2036 velit
414 2011 480 2048 pro
511 1997 761 2035 misericordia
783 2010 850 2034 sua
877 2009 942 2034 vos
970 1997 1165 2047 respicere,
1197 2004 1234 2034 et
1261 1996 1525 2035 correctionem
1549 1998 1650 2035 illam
1671 2012 1734 2049 pa-

165 2070 324 2109 ternam,
355 2063 418 2113 qui
446 2062 515 2100 sibi
544 2061 706 2100 maxime
736 2061 832 2098 solet
862 2061 1019 2099 dilectos
1047 2061 1186 2112 saepius
1211 2061 1353 2112 punire,
1385 2075 1527 2099 rursum
1560 2069 1734 2101 avertere.

167 2129 263 2166 Illud
293 2128 405 2165 etiam
433 2127 554 2172 doleo,
587 2132 624 2164 te
653 2133 729 2163 tam
758 2125 863 2176 gravi
889 2131 1033 2163 catarro
1064 2126 1249 2164 laborasse
1284 2127 1330 2164 ad
1360 2127 1509 2164 tertiam
1536 2126 1736 2165 hebdoma-

166 2193 264 2238 dam,
295 2192 507 2244 priusquam
536 2191 603 2229 has
634 2191 681 2228 ad
707 2203 768 2228 me
792 2190 917 2228 literas
939 2190 1198 2228 conscriberes.
1252 2190 1325 2228 Sed
1352 2204 1419 2242 pro
1450 2197 1515 2229 tua
1543 2192 1739 2242 prudentia

168 2257 270 2295 nosti
310 2258 433 2295 Deum
462 2257 583 2308 ipsum
612 2256 694 2293 illos
732 2255 869 2306 saepius
905 2255 1061 2293 invisere
1094 2268 1187 2306 quos
1222 2255 1322 2300 vult;
1361 2269 1473 2307 quem
1506 2269 1635 2306 precor
1669 2256 1737 2294 tibi

168 2321 390 2371 patientiam
415 2320 627 2367 concedere,
653 2326 703 2366 et,
722 2325 763 2358 ut
785 2319 865 2370 ipse
885 2319 1025 2366 scribis,
1046 2320 1229 2357 concedat
1253 2319 1321 2357 tibi
1343 2320 1629 2358 misericorditer
1651 2333 1738 2372 quae

170 2392 256 2423 sunt
279 2386 394 2436 ipsius
418 2386 529 2424 bonae
546 2385 760 2423 voluntatis.
816 2384 926 2422 Uxor
952 2397 1037 2422 mea
1060 2389 1098 2422 te
1122 2384 1322 2434 plurimum
1347 2385 1494 2431 salutat,
1520 2391 1673 2436 oratque
1697 2391 1740 2422 ut

169 2464 207 2487 se
229 2450 313 2487 Deo
337 2450 375 2488 in
400 2450 567 2501 precibus
593 2450 666 2487 tuis
691 2449 944 2495 commendas,
972 2449 1072 2501 quod
1095 2449 1345 2487 muscularum
1371 2454 1409 2486 et
1433 2462 1629 2487 nervorum
1653 2463 1740 2488 con-

171 2514 365 2560 tractione,
412 2528 521 2566 quam
555 2528 744 2565 spasmum
778 2527 963 2560 vocamus,
1011 2521 1050 2552 et
1092 2514 1315 2552 calculorum
1350 2513 1390 2551 in
1427 2514 1575 2552 renibus
1613 2515 1741 2553 dolore

168 2578 326 2616 multum
352 2585 549 2630 prematur.

255 2642 341 2680 Hoc
385 2656 483 2681 anno
519 2643 652 2681 initum
690 2650 746 2682 est
779 2644 900 2681 foedus
935 2644 1033 2681 inter
1069 2643 1342 2681 serenissimam
1377 2648 1540 2681 nostram
1577 2642 1742 2692 Angliae,

177 2706 360 2752 Francius,
391 2714 428 2745 et
459 2708 666 2758 Hyberniae
692 2709 861 2759 reginam
885 2713 924 2745 et
950 2721 1078 2758 regem
1097 2708 1242 2753 Galliae,
1271 2707 1484 2746 solemniter
1503 2720 1550 2744 ex
1579 2707 1743 2757 utrisque

162 2771 343 2821 >praestito
364 2771 575 2821 juramento
595 2772 653 2809 die
672 2773 873 2817 dominico,
897 2773 959 2822 qui
979 2772 1050 2809 fuit
1073 2772 1330 2823 quindecimus
1350 2771 1431 2809 dies
1454 2771 1478 2808 J
1481 2771 1559 2809 unii
1576 2771 1744 2821 proxime

173 2835 300 2885 elapsi,
328 2835 364 2872 in
395 2836 594 2874 cathedrali
621 2838 779 2875 ecclesia
806 2838 842 2874 S.
864 2837 965 2874 Petri
992 2837 1089 2887 apud
1114 2836 1502 2875 Westmonasterium.

252 2898 439 2937 Vicesimo
468 2900 597 2950 quinto
627 2901 732 2938 Junii
760 2900 883 2951 recepi
912 2900 1071 2950 primum
1099 2900 1224 2938 literas
1255 2906 1338 2937 tuas
1366 2899 1498 2949 Tiguri
1525 2899 1643 2950 prima
1670 2899 1743 2936 Oc—

174 2962 305 3009 tobris,
333 2976 431 3010 anno
454 2965 569 3009 1571,
597 2965 714 3013 datas,
741 2970 779 3002 et
804 2964 937 3004 missas
959 2978 1024 3014 per
1049 2965 1252 3003 Dominum
1283 2962 1534 3003 Friderichum
1561 2962 1742 3009 Conders,
