1845 3233
123 142 286 200 LXXIV]
598 159 652 184 An
685 156 898 184 flmmeum
933 157 1238 184 BULLINGERUM.
1625 143 1708 185 103

118 283 216 308 meae
245 270 493 322 interpretari.
551 272 640 323 Ipsa
670 271 785 310 etiam
811 271 969 310 subinde
1000 271 1102 320 leget
1130 271 1168 308 in
1197 283 1268 315 ea;
1302 269 1483 321 intelligit
1512 269 1612 307 enim
1639 270 1708 308 lin-

116 347 232 385 guam
259 341 464 373 vestratem
494 342 694 388 utcunque,
725 342 763 374 et
791 335 829 373 in
857 335 987 373 eadem
1014 335 1218 373 meditatur
1244 347 1530 386 nonnunquam.

195 400 297 438 Tuas
325 400 459 438 alteras
481 401 620 447 literas,
644 402 722 439 imo
748 401 868 445 binas,
900 398 1066 445 domine,
1092 399 1194 438 domi
1223 399 1360 445 habeo,
1388 412 1482 450 quas
1506 397 1600 436 mihi
1624 406 1710 450 post

115 470 279 502 ⁴mortem
305 464 443 502 Mariae
472 465 636 516 Reginae
666 471 807 503 nostrae
834 477 954 516 nuper
979 464 1136 502 misisti:
1169 463 1307 502 oblitus
1331 469 1456 501 autem
1485 476 1568 501 sum
1591 470 1707 509 certe,

115 529 251 580 quibus
280 528 341 566 die
374 534 414 566 et
446 543 547 567 anno
580 530 728 568 fuerant
759 530 893 579 Tiguri
923 529 1034 566 datae.
1102 528 1241 566 Habeo
1273 528 1343 565 tibi
1375 541 1444 578 pro
1478 527 1532 565 eis
1568 529 1711 578 gratias

116 605 301 644 magnas3
340 594 464 644 plenae
501 600 589 632 sunt
621 595 721 632 enim
757 593 1031 632 adhortationis
1062 593 1140 644 piae
1174 599 1213 630 et
1240 592 1510 630 consolationis
1538 593 1708 643 optimae.

117 657 270 695 Reddat
310 658 378 696 tibi
419 658 585 697 vicissim
632 659 821 697 Dominus
867 664 997 696 noster
1037 657 1151 695 Jesus
1197 656 1370 694 Christus
1413 657 1713 695 consolationem

116 721 266 759 uberem
299 721 338 758 in
372 722 433 759 (lie
462 723 540 769 illo,
569 736 644 774 quo
670 723 894 760 dissolvetur
918 734 1053 772 corpus
1081 722 1128 759 ab
1152 721 1279 759 anima
1307 726 1384 765 tua,
1414 727 1453 758 et
1483 721 1597 759 etiam
1626 733 1712 758 cum

113 786 250 824 iterum
277 786 506 837 adjungetur
534 793 572 824 et
598 788 847 825 restauretur!

196 850 257 888 Ita
294 851 386 888 mihi
422 865 487 902 per
523 857 654 889 totum.
678 851 755 890 fere
792 851 996 889 triennium
1030 850 1210 889 deficiunt
1242 850 1350 895 vires,
1382 856 1421 887 et
1452 850 1596 887 animus
1629 855 1706 886 tam

115 914 283 965 pusillus,
320 921 361 952 ut
394 916 508 953 miror
539 916 694 953 subinde
730 929 789 952 me
821 921 881 953 tot
913 915 1020 952 annis
1052 914 1174 952 adhuc
1205 914 1466 964 supervixisse.
1522 913 1709 951 Voluntas

113 984 241 1016 tamen
272 979 428 1017 Domini
454 980 519 1017 fiat
548 993 706 1031 semper.
763 979 889 1030 Cupio
916 986 1043 1016 autem
1074 978 1225 1016 dissolvi
1256 984 1293 1015 et
1324 992 1405 1015 esse
1429 991 1514 1016 cum
1541 976 1709 1015 Christo.

116 1042 274 1080 Interim
303 1043 416 1087 enim,
442 1043 532 1080 (lum
560 1042 621 1080 hic
652 1056 838 1089 maneam,
868 1043 922 1080 ita
950 1042 1157 1080 innumeris
1183 1042 1408 1092 quandoque
1436 1042 1580 1079 crucior
1610 1040 1708 1078 curis

115 1113 154 1144 et
181 1107 481 1145 solicitudinibus
509 1107 682 1145 inanibus
713 1106 886 1159 (propter
914 1106 1145 1144 conditionis
1170 1111 1392 1143 mercaturae
1423 1105 1566 1142 scilicet
1598 1118 1709 1142 voca-

112 1170 289 1222 tionem),
314 1177 355 1209 ut
383 1171 502 1209 multo
528 1172 610 1222 plus
639 1171 805 1216 mallem,
835 1171 868 1208 si
892 1171 945 1208 ita
975 1170 1163 1208 Dominus
1192 1169 1365 1214 voluerit,
1389 1169 1546 1206 tantillis
1573 1168 1708 1218 volup-

111 1236 251 1273 tatibus
281 1242 320 1274 et
352 1236 501 1286 gaudiis
524 1236 633 1273 istius
664 1236 794 1273 mundi
822 1237 939 1280 vanis,
969 1240 1007 1272 et
1034 1234 1128 1272 adeo
1156 1234 1382 1273 cruciatibus
1411 1239 1449 1271 et
1476 1233 1592 1271 animi
1622 1244 1709 1284 pcr-

112 1301 387 1338 turbationibus
412 1301 620 1350 permixtis,
654 1300 730 1338 imo
758 1300 885 1351 potius
917 1299 1030 1337 nimis
1057 1299 1231 1344 conditis,
1257 1311 1396 1344 carcre,
1425 1311 1537 1349 quam
1569 1297 1708 1334 talibus

112 1365 194 1402 frui.
250 1365 325 1402 Sed
354 1365 511 1402 Domini
541 1365 606 1402 fiat
634 1365 831 1402 voluntas!

195 1428 265 1466 Fui
292 1427 352 1466 hic
380 1428 602 1478 Antverpioe
629 1440 694 1478 per
717 1428 886 1478 integros
914 1427 990 1464 fere
1020 1433 1094 1464 tres
1123 1439 1273 1464 menses
1307 1439 1392 1463 cum
1417 1424 1584 1463 dimidio.
1642 1425 1706 1462 In-

113 1494 223 1531 terim
252 1492 447 1530 dominum
480 1491 792 1544 Christopherum
826 1492 1031 1537 Montium,
1061 1491 1223 1529 amicum
1255 1497 1426 1528 nostrum
1455 1502 1709 1535 communem,

113 1571 181 1608 per
212 1557 339 1594 literas
373 1570 474 1595 meas
506 1557 731 1608 quandoque
765 1557 961 1594 certiorem
994 1555 1065 1593 feci
1098 1556 1144 1592 (le
1176 1560 1275 1592 statu
1308 1568 1431 1592 rerum
1462 1554 1709 1591 Brabantica—

113 1635 208 1668 rum,
232 1622 395 1659 maxime
419 1627 544 1659 autem
572 1620 927 1671 Antverpiensium3
956 1626 1138 1670 quantum
1165 1621 1212 1657 ad
1238 1619 1435 1669 religionis
1458 1618 1707 1655 mutationem

113 1692 153 1724 et
184 1686 417 1737 evangelicae
450 1685 732 1736 praedicationis
765 1685 1030 1722 tolerationem
1062 1689 1219 1734 spectat.
1276 1683 1410 1734 Neque
1444 1682 1589 1729 dubito,
1617 1684 1709 1734 quin

113 1752 161 1789 de
186 1751 231 1788 iis
256 1751 366 1788 rebus
390 1750 436 1787 ab
456 1749 801 1800 Argentincnsibus
827 1748 1157 1786 concionatoribus
1181 1747 1272 1785 satis
1297 1759 1480 1785 novorum
1506 1747 1709 1798 acceperis,

113 1815 189 1852 sive
222 1828 288 1865 per
322 1814 480 1852 aliorum
516 1814 670 1851 fratrimi
703 1814 853 1863 scripta.
924 1813 1072 1850 Idcirco
1107 1825 1186 1850 non
1221 1818 1314 1862 puto
1352 1824 1451 1849 nunc
1487 1810 1583 1850 milii
1612 1824 1708 1862 opus

114 1893 196 1917 esse
226 1879 272 1916 de
300 1879 435 1917 iisdem
465 1879 679 1917 rescribere.

193 1943 282 1980 Jam
311 1949 438 1980 autem
472 1943 635 1994 undique
669 1942 813 1988 dicunt,
845 1943 908 1994 qui
937 1942 1064 1979 literas
1095 1942 1142 1979 ab
1174 1941 1384 1992 Hispaniis,
1423 1940 1546 1986 Italia,
1574 1940 1709 1984 Gallia,

115 2014 154 2047 et
183 2007 325 2057 Anglia
354 2007 495 2058 saepius
522 2007 720 2057 recipiunt,
751 2007 898 2056 Regem
926 2006 1142 2056 Philippum
1172 2019 1220 2042 ex
1250 2005 1438 2056 Hispania
1465 2005 1504 2042 in
1533 2004 1708 2054 proximo

116 2085 202 2110 vere
240 2071 311 2109 huc
348 2071 387 2108 in
426 2071 668 2109 Brabantiam
708 2076 746 2108 et
780 2084 933 2108 onmem
970 2069 1211 2108 Germaniam
1248 2069 1463 2107 inferiorem
1496 2075 1708 2113 venturum,

116 2138 174 2175 vel
206 2137 254 2174 ad
289 2135 406 2172 totius
440 2135 574 2185 patriae
607 2135 829 2173 celebranda
857 2134 1011 2173 comitia
1044 2134 1109 2184 (ad
1145 2134 1252 2184 cujus
1288 2133 1552 2184 praescriptum
1586 2132 1710 2170 omnis

114 2200 312 2251 religionis
339 2199 593 2238 controversia
620 2199 840 2237 reformetur
868 2199 943 2237 sive
972 2197 1271 2249 transformetur)
1298 2198 1355 2235 vel
1384 2197 1619 2248 pontificiam
1648 2210 1708 2234 su-

116 2266 390 2317 perstitionem,
411 2264 663 2302 idololatriam
684 2271 722 2301 et
741 2264 925 2301 saevitiam
943 2262 1214 2300 restituendam
1235 2268 1273 2298 et
1291 2261 1564 2299 stabiliendam.
1604 2261 1710 2299 Deus

115 2337 256 2375 autem,
288 2330 327 2367 in
360 2329 465 2379 cujus
498 2342 611 2366 manu
643 2334 732 2366 sunt
758 2328 872 2366 eorda
900 2327 1070 2365 omnium
1100 2326 1324 2378 principum,
1358 2326 1503 2363 auferat
1535 2326 1581 2363 ab
1618 2339 1707 2376 rege

114 2397 190 2433 isto
226 2400 265 2432 et
299 2394 528 2444 principibus
568 2393 674 2430 istius
714 2392 882 2443 regionis
917 2391 1029 2430 corda
1064 2404 1188 2435 saxea,
1227 2391 1363 2441 detque
1401 2403 1546 2436 carnea,
1583 2396 1625 2427 ut
1661 2391 1707 2428 ad

115 2460 307 2498 Christum
348 2471 433 2495 vere
473 2471 518 2495 ex
557 2457 684 2494 animo
728 2457 896 2494 conversi
938 2456 984 2493 de
1026 2455 1210 2493 anteactis
1250 2455 1326 2492 suis
1363 2455 1527 2505 peccatis
1565 2461 1602 2492 et
1639 2455 1710 2494 cri-

116 2524 280 2561 minibus
309 2522 416 2560 valdo
445 2523 612 2566 doleant,
645 2526 684 2558 et
713 2534 777 2558 eos
806 2521 986 2572 peniteat,
1016 2533 1090 2571 quo
1121 2520 1270 2558 veniam
1304 2525 1342 2556 et
1370 2519 1659 2558 misericordiam
1688 2535 1711 2557 a

117 2587 286 2626 Domino
313 2592 603 2637 consequantur,
634 2591 671 2623 ct
698 2591 831 2636 postea
857 2585 938 2636 ejus
968 2584 1126 2635 gloriam
1160 2583 1252 2621 totis
1283 2583 1417 2621 viribus
1452 2583 1528 2621 suis
1558 2597 1708 2634 promo-

116 2652 253 2691 veant!

196 2716 413 2755 Doienduni
441 2722 511 2761 est,
540 2715 641 2766 quod
667 2714 870 2752 Lutherani
899 2714 1065 2765 quidam,
1093 2714 1147 2751 uti
1177 2713 1320 2758 scribis,
1347 2713 1434 2752 licet
1462 2727 1594 2764 pacem
1619 2714 1710 2751 ofl'e-

115 2787 252 2826 rentes,
290 2794 423 2818 vexare
453 2794 521 2819 vos
556 2793 634 2818 non
671 2779 860 2817 desinunt.
928 2779 1005 2817 Hie
1042 2783 1168 2815 autem
1205 2778 1413 2816 Martinisti
1454 2777 1515 2830 (ut
1553 2779 1711 2830 cupiunt

115 2845 335 2897 plerumque
371 2845 559 2883 nominari
598 2843 818 2890 Lutherani,
856 2844 982 2894 potius
1016 2856 1128 2894 quam
1164 2842 1388 2894 Lutherani)
1425 2848 1552 2893 aperte
1585 2842 1711 2880 ortho—

114 2910 235 2947 doxos
272 2917 498 2960 symmystas
537 2908 652 2960 (quos
689 2909 804 2947 etiam
837 2908 1063 2946 Calvinistas
1098 2906 1364 2959 denominant)
1403 2913 1530 2945 taxare
1568 2912 1606 2943 et
1641 2906 1712 2943 im-

113 2974 269 3023 probare
302 2974 341 3012 in
369 2973 616 3013 concionibus
647 2973 722 3012 suis
755 2973 912 3024 publicis
942 2985 1020 3011 non
1050 2972 1238 3018 desinunt,
1274 2972 1339 3010 sed
1368 2972 1531 3010 maxime
1559 2971 1710 3009 audent.
