1845 3233
80 145 246 203 marva]
314 163 537 189 EDMUNDUS
571 162 825 189 GR1NDALLUS
856 162 910 188 Ao
944 161 1158 188 flmmeum
1194 160 1497 187 BULLINGERUM.
1584 149 1666 190 109

75 278 245 316 tentiam.
294 279 494 317 Decembri
522 280 651 331 elapso
675 279 886 330 baptizatus
913 279 984 317 fuit
1007 279 1106 316 filius
1134 278 1230 316 illius
1255 277 1544 329 primogenitus,
1565 290 1668 316 more

79 343 278 393 papistico,
317 356 384 394 per
417 345 604 394 quendam
644 344 834 382 mitratum
869 343 1273 395 pseudo-episcopum:
1313 342 1378 380 sed
1416 356 1462 379 ex
1498 342 1670 381 universa

78 405 177 443 illius
210 407 318 458 regni
351 408 547 446 nobilitate
577 414 724 446 tantuin
760 409 834 446 duo
868 408 1002 459 reperti
1039 413 1138 450 sunt,
1175 407 1238 457 qui
1272 407 1458 456 baptismo
1491 407 1670 446 interesse

77 470 223 521 dignati
261 478 366 509 sunt:
405 473 518 510 ceteri
554 479 705 510 euntem
740 478 778 510 et
810 473 1030 511 redeuntem
1064 472 1248 509 infantem
1282 476 1428 508 tantum
1467 472 1513 509 ad
1547 472 1671 510 valvas

78 546 193 584 usque
218 536 343 574 sacelli
369 537 538 574 comitati
566 543 664 574 sunt.
713 537 818 582 Quid
845 537 883 574 in
911 536 1116 575 Brabantia
1139 541 1176 573 et
1199 535 1372 572 Flandria
1401 543 1564 585 geratur,
1591 536 1671 574 scio

80 599 144 635 vos
173 612 251 637 non
289 600 474 650 ignorare.
542 601 661 652 Spero
692 601 764 638 illis
800 601 955 640 coeleste
988 600 1169 638 auxilium
1206 613 1284 637 non
1314 600 1538 643 defuturum,
1568 607 1672 651 post-

79 675 192 712 quam
220 676 360 715 magna
388 678 434 702 ex
466 671 572 717 parte
600 664 773 703 humanis
803 665 991 716 praesidiis
1021 664 1193 702 destituti
1224 664 1430 708 videantur,
1459 666 1670 716 praesertim

75 727 107 765 si
140 727 408 780 Hispaniarum
440 730 521 767 Rex
548 743 633 768 cum
658 731 838 775 exercitu,
869 731 969 781 quod
997 730 1187 774 timemus,
1217 728 1264 766 ad
1292 728 1375 766 illos
1403 729 1670 780 opprimendos

78 793 215 830 veniat.
287 793 366 831 Oro
404 800 444 831 ut
479 795 525 832 D.
558 794 777 833 Gualterum
816 800 854 832 et
890 800 1037 832 eeteros
1072 801 1157 832 tuos
1198 794 1365 844 collegas
1397 806 1482 831 meo
1516 795 1671 834 nomine

78 857 228 896 salutes.
285 859 470 897 Dominus
499 872 564 897 vos
593 860 811 898 conservet!
865 858 1042 903 Londini,
1065 862 1088 895 S
1109 859 1215 896 Febr.
1244 861 1351 895 1567.

664 946 929 984 Deditissimus
957 945 1025 983 tibi
1054 945 1093 983 in
1123 945 1303 989 Domino,

836 1031 1147 1071 EDMUNDUS
1177 1031 1540 1077 GRINDALLUS,

1084 1107 1209 1158 Episc.
1242 1106 1412 1146 London.

345 1172 599 1199 {NSCRIP'I'IQ

161 1224 376 1261 Reverendo
395 1225 438 1261 in
456 1225 619 1269 Christo,
640 1225 689 1262 D.
709 1226 879 1262 llenrico

240 1289 480 1337 Bnllingero,
505 1289 705 1338 Tiguriuoe
724 1291 884 1326 ecclesiae

239 1355 416 1391 ministro
423 1354 669 1402 fidelissimo,
689 1368 735 1392 ar·
752 1353 882 1404 fratri

239 1418 278 1453 ‘in
305 1418 468 1454 Domino
488 1419 697 1455 carissimo.

454 1482 490 1518 T
491 1483 606 1530 iguri.

569 1695 870 1738 EPISTOLA
914 1696 1164 1738 LXXVII.

231 1876 489 1907 JOHANNES
516 1876 730 1907 JUELLUS
760 1876 827 1907 AD
855 1876 1117 1908 HENRICUM
1143 1875 1516 1907 BULLINGERUM.

161 1951 198 1988 S.
223 1952 262 1989 P.
288 1963 333 1988 [Ν
360 1951 524 1989 Christo.
583 1951 773 1989 Proximae
805 1952 926 1989 literze
955 1965 1068 1995 meae,
1092 1952 1330 1989 ornatissime
1359 1951 1426 1995 vir,
1456 1964 1540 1988 cum
1573 1951 1672 1989 Lon-

82 2016 210 2054 ‹linum
244 2015 473 2053 tardiuscule
513 2016 718 2061 venissent,
757 2022 794 2053 et
832 2016 1140 2054 Francofordiam
1176 2017 1224 2054 ad
1262 2016 1451 2054 nundinas
1487 2016 1673 2067 proficisci

81 2094 155 2117 non
188 2086 354 2132 possent,
391 2094 429 2117 re
463 2080 612 2123 infecta,
645 2080 798 2118 domum
836 2081 884 2118 ad
919 2094 980 2118 me
1018 2094 1178 2119 reversae
1213 2088 1322 2119 sunt:
1370 2081 1470 2132 quod
1503 2081 1673 2119 nonnihil

82 2157 223 2186 vereor,
253 2158 301 2181 ne
332 2157 430 2181 nunc
463 2157 612 2195 quoque
642 2145 680 2182 in
708 2144 799 2182 istas
827 2144 984 2183 accidat.

162 2209 220 2246 De
253 2208 406 2259 prolixis
439 2215 478 2245 et
513 2209 732 2259 pereruditis
765 2209 838 2246 illis
870 2209 945 2246 tuis
978 2209 1024 2246 ad
1057 2222 1116 2247 me
1150 2209 1268 2249 literis
1301 2210 1496 2261 proximis,
1530 2211 1671 2263 prolixe

81 2273 150 2312 tibi
179 2286 254 2323 ago
287 2273 439 2323 gratias.
494 2273 606 2310 Nunc
637 2273 726 2310 mihi
759 2273 806 2310 de
841 2274 985 2324 synodo
1019 2273 1081 2311 illa
1116 2274 1453 2318 Francofordiensi,
1488 2282 1529 2313 ut
1557 2276 1602 2314 de
1632 2289 1671 2314 re

80 2338 237 2375 obscura
273 2343 311 2373 et
345 2343 597 2380 controversa,
635 2337 790 2387 egregie
821 2337 1053 2375 satisfactum
1086 2351 1168 2376 esse
1206 2345 1245 2376 et
1280 2339 1403 2377 fateor
1435 2346 1473 2377 et
1509 2341 1669 2390 gaudeo.

82 2403 158 2440 Res
187 2408 329 2439 nostran
363 2401 643 2445 ecclesiasticae,
672 2401 834 2451 publicae
868 2402 1115 2453 privataeque,
1147 2416 1193 2440 eo
1226 2403 1308 2441 loco
1343 2418 1443 2442 nune
1471 2410 1568 2449 sunt,
1597 2418 1672 2456 quo

81 2467 240 2504 fuerunt.
299 2465 554 2503 Lovanienses
584 2466 701 2503 nostri
731 2465 907 2510 clamant,
939 2471 977 2503 et
1005 2467 1170 2511 turbant,
1204 2473 1384 2518 quantum
1418 2474 1598 2519 possunt:
1633 2475 1672 2507 et

82 2531 220 2569 habent
249 2531 425 2573 fautores.
460 2530 528 2568 etsi
557 2543 633 2567 non
668 2530 720 2567 ita
754 2530 905 2574 inultos,
940 2530 1063 2582 plures
1093 2536 1220 2569 tamen
1254 2532 1372 2570 multo
1403 2546 1513 2583 quam
1546 2534 1668 2571 velim.

82 2596 132 2636 Et
161 2597 330 2647 quamvis
358 2595 568 2646 complures
599 2594 687 2640 sint,
717 2600 755 2632 et
783 2594 820 2632 in
850 2595 1063 2632 universum
1095 2595 1133 2632 in
1162 2608 1293 2634 omnes
1322 2597 1497 2640 scribant,
1527 2604 1668 2637 tamen.

80 2660 208 2698 nescio
245 2673 318 2710 quo
350 2672 434 2696 meo
468 2658 557 2702 fato,
596 2671 728 2696 onmes
761 2658 799 2696 in
833 2671 891 2696 me
924 2658 1089 2696 feruntur
1118 2672 1245 2697 unum.
1316 2660 1447 2712 Itaque
1477 2661 1565 2699 dum
1599 2662 1670 2700 illis

80 2723 302 2774 respondeo,
331 2736 379 2760 ne
408 2736 468 2760 me
494 2736 577 2760 esse
604 2722 767 2759 otiosum
796 2728 916 2773 putes.

161 2787 375 2825 Habuimus
411 2787 591 2838 proximis
627 2786 707 2824 istis
747 2787 937 2825 mensibus
969 2788 1125 2826 comitia
1161 2788 1278 2827 totius
1313 2790 1444 2841 regni:
1484 2791 1556 2829 illis
1593 2805 1668 2842 ego

80 2863 146 2901 per
181 2850 435 2888 valetudinem
477 2850 656 2887 interesse
694 2861 772 2886 non
813 2849 932 2900 potui.
999 2849 1159 2901 Scriptae
1197 2856 1285 2889 sunt
1319 2851 1424 2902 leges
1461 2853 1507 2890 de
1543 2853 1668 2902 religi-

81 2927 167 2959 one,
204 2914 336 2965 quibus
374 2914 603 2966 papistarum
645 2913 836 2951 obstinata
879 2914 1021 2951 malitia
1061 2920 1173 2966 atque
1216 2915 1417 2954 insolentia
1460 2917 1497 2954 in
1543 2917 1668 2954 officio

81 2977 327 3017 contineatur.
382 2978 520 3017 Actum
552 2978 664 3016 etiam
693 2983 750 3016 cst
778 2977 824 3015 <le
857 2978 1116 3022 successione;
1152 2977 1224 3017 hoc
1249 2985 1319 3026 est,
1343 2980 1403 3018 cui
1428 2980 1582 3019 familiae
1606 2982 1668 3031 jus
