1845 3233
188 146 269 185 194
458 156 646 183 moninus
679 153 802 180 coxus
839 152 891 178 AD
923 148 1162 176 RODOLPHUM
1199 147 1452 174 GUALTERUM.
1602 129 1740 186 [EPIST.

659 329 951 374 EPISTOLA
985 327 1260 370 CXXXIII.

370 499 608 531 RICARDUS
636 499 788 531 COXUS
816 499 884 529 AD
914 495 1221 529 RODOLPHUM
1251 492 1564 525 GUALTERUM.

266 576 330 615 UT
350 576 571 614 exhilaratus
597 589 696 614 eram
722 576 796 613 tuis
821 575 936 613 literis
961 580 997 611 et
1022 574 1112 611 libro
1138 573 1184 610 ad
1208 585 1267 609 me
1293 571 1406 608 misso
1431 575 1515 621 post
1540 567 1743 618 superiores

188 641 368 679 nundinas
407 641 726 686 Francfordianas‚
764 640 816 677 ita
847 639 1083 677 vehementer
1114 637 1236 682 doleo,
1270 636 1320 674 mi
1352 634 1535 678 Gualtere,
1562 633 1744 670 turbatam

191 719 270 743 esse
300 705 460 755 aliquam
493 705 703 742 Germaniae
734 710 874 755 partem
903 703 1163 741 nonnullorum
1196 699 1415 752 importunis
1447 697 1745 742 dissensionibus,

191 782 340 821 quarum
361 775 487 807 auctor
507 770 609 807 Deus
627 782 703 806 non
724 774 792 814 est,
812 768 875 806 sed
890 768 1076 818 malignus
1090 767 1163 812 ille,
1184 766 1246 817 qui
1260 763 1437 802 ministris
1449 762 1525 800 suis
1543 761 1746 812 periculose

193 834 353 871 abutitur
377 834 422 870 ad
443 834 541 872 viros
566 833 751 884 principes
776 833 954 870 erroribus
971 831 1245 875 involvendum,
1271 834 1308 866 et
1331 828 1377 865 ad
1397 826 1591 864 ecclesiam
1608 830 1746 876 pertur-

192 898 362 943 bandam,
392 903 502 948 atque
529 897 676 948 pietatis
703 896 828 935 hostes
855 897 902 934 ad
929 896 1163 947 iniquitatem
1191 893 1442 932 animandum.

269 963 326 1000 De
347 961 602 999 Cantuariensi
620 962 713 999 bene
732 974 930 1012 speramus.
986 959 1168 998 Nonnihil
1187 958 1329 997 offensa
1345 957 1417 995 fuit
1435 956 1473 993 in
1494 956 1748 993 Cantuariensi

193 1027 340 1077 Regina
359 1031 483 1063 nostra
507 1026 644 1076 alioqui
670 1025 967 1063 clementissima.
1024 1024 1127 1062 Serio
1150 1022 1410 1062 animadvertit
1434 1021 1514 1072 ipsa
1532 1020 1571 1057 in
1590 1019 1752 1072 papistas

193 1098 230 1129 et
246 1090 513 1128 contentiosos.
569 1090 659 1128 Vult
686 1090 812 1128 omnia
836 1090 1034 1128 secundum
1057 1088 1223 1126 ordinem
1250 1093 1288 1124 et
1312 1087 1485 1123 decorum
1504 1084 1594 1122 fieri.
1650 1084 1749 1122 Con-

194 1155 335 1193 silarios
372 1153 482 1191 habet
511 1154 639 1191 doctos
675 1160 713 1192 et
743 1154 940 1204 prudentes
976 1159 1013 1190 et
1044 1153 1191 1204 pietatis
1233 1151 1430 1189 studiosos.
1504 1149 1590 1187 Non
1625 1154 1750 1186 tamen

198 1219 438 1257 admittuntur
455 1218 632 1256 hactenus
650 1218 688 1256 in
707 1231 849 1256 sacrum
866 1218 966 1255 illum
983 1222 1121 1255 coetum
1140 1216 1240 1254 verbi
1255 1215 1422 1252 ministri.

266 1284 322 1321 De
340 1283 520 1320 Hibernia
535 1282 633 1333 quod
652 1282 789 1328 scribis,
802 1283 892 1333 (qua
906 1282 1055 1332 quidem
1073 1281 1174 1319 abuti
1190 1280 1283 1318 solet
1296 1278 1530 1316 antichristus
1546 1279 1748 1322 Romanus,

197 1347 259 1385 sed
284 1346 448 1397 frustra)
462 1347 492 1384 si
512 1347 599 1398 quid
617 1347 795 1384 tumultus
815 1346 989 1391 exoritur,
1008 1353 1070 1382 aut
1088 1358 1152 1395 per
1168 1345 1305 1381 milites
1322 1348 1483 1388 nostros,
1502 1342 1553 1379 ibi
1572 1347 1750 1392 perpetuo

196 1418 399 1456 manentes,
431 1417 494 1448 aut
524 1410 572 1463 (si
601 1412 746 1462 quando
780 1424 836 1449 res
865 1411 918 1448 ita
944 1410 1125 1461 postulat)
1155 1422 1219 1460 per
1241 1410 1381 1458 justum
1412 1406 1611 1444 exereitum
1644 1406 1750 1443 facile

196 1476 410 1526 reprimitur.
467 1475 595 1525 Nuper
624 1488 709 1512 vero
736 1475 790 1513 vir
817 1480 855 1512 et
883 1474 1132 1513 nobilissimus
1167 1480 1204 1510 et
1235 1477 1375 1510 sanctae
1406 1470 1597 1521 religionis
1629 1471 1750 1508 studio

195 1540 349 1584 deditus,
382 1545 419 1577 et
446 1539 697 1577 Hibernorum
725 1540 877 1577 malleus
906 1539 1155 1590 gravissimus,
1180 1550 1259 1575 non
1285 1536 1363 1576 sine
1388 1536 1583 1572 multorum
1609 1535 1747 1579 dolore,

196 1617 320 1641 comes
348 1604 490 1641 scilicet
517 1604 759 1649 Essexiensis,
787 1604 915 1641 morbo
945 1603 1129 1640 extinctus
1156 1608 1223 1640 est.

274 1668 425 1718 ingenti
444 1668 641 1718 perfundor
665 1668 815 1718 gaudio,
835 1668 933 1718 quod
953 1668 1054 1705 Deus
1074 1666 1276 1705 incredibili
1296 1679 1361 1703 sua
1378 1665 1610 1716 providentia
1629 1666 1751 1703 Gene-

195 1747 324 1773 venses
355 1733 401 1770 ab
430 1733 594 1770 hostibus
624 1734 771 1770 Satanae
798 1733 973 1770 liberavit.
1028 1732 1114 1770 Hoc
1141 1737 1197 1769 est
1223 1731 1387 1768 Domino
1419 1730 1508 1767 turri
1539 1730 1750 1768 fortissimae

196 1798 400 1841 confidere;
432 1796 502 1834 hoo
531 1803 588 1834 est
617 1797 687 1835 Dei
714 1797 844 1847 gloriae
874 1797 1030 1834 sollicite
1058 1795 1260 1838 adhaerere,
1287 1800 1398 1845 atque
1424 1807 1490 1845 pro
1519 1807 1562 1831 ea
1590 1794 1750 1832 animam

197 1874 343 1912 ponere.
401 1861 499 1898 Haec
533 1862 623 1898 fides
649 1868 686 1898 et
710 1862 770 1911 pia
798 1861 1021 1898 unanimitas
1045 1860 1169 1897 hostes
1200 1860 1287 1896 licet
1309 1858 1508 1896 acerrimos
1538 1863 1683 1908 superat
1714 1864 1752 1896 et

196 1925 379 1976 profligat.
426 1926 523 1963 Ecce
542 1939 652 1976 quam
671 1926 811 1964 bonum
830 1930 868 1962 et
886 1938 994 1975 quam
1011 1924 1215 1974 jucundum
1235 1922 1398 1960 habitare
1416 1922 1545 1961 fratres
1558 1923 1596 1959 in
1613 1925 1749 1961 unum!

197 1989 316 2027 Adest
333 1989 429 2039 apud
447 2003 515 2027 nos
528 1991 605 2039 jam
625 2003 723 2027 nunc
749 1990 822 2028 dux
844 1989 1087 2034 Cassimerus,
1106 2000 1256 2038 magnae
1273 1987 1499 2024 fortitudinis
1519 1992 1556 2024 et
1574 1987 1658 2025 fidei
1675 1987 1749 2025 vir:

197 2053 311 2098 adest,
332 2053 492 2103 inquam,
509 2067 583 2091 non
602 2054 681 2091 sine
699 2054 825 2103 magni
846 2053 1123 2103 exspectatione
1142 2052 1240 2090 boni.
1284 2051 1468 2089 Dominus
1486 2053 1509 2090 J
1512 2065 1595 2089 esus
1612 2057 1648 2089 te
1667 2064 1749 2089 cum

200 2117 428 2155 sanctissimo
461 2123 526 2155 tuo
561 2132 674 2169 grege
703 2124 877 2169 protegat
906 2123 943 2153 et
972 2131 993 2155 a
1021 2117 1208 2167 papisticis
1240 2116 1420 2160 hostibus,
1455 2121 1493 2152 et
1524 2117 1569 2153 ab
1599 2116 1658 2154 his
1689 2117 1751 2167 qui

199 2181 364 2218 exierunt
390 2195 412 2218 a
438 2183 557 2226 nobis,
586 2196 669 2220 cum
697 2188 821 2219 tamen
849 2194 926 2219 non
953 2187 1078 2219 essent
1105 2194 1149 2218 ex
1178 2180 1306 2218 nobis!

274 2245 345 2281 Sed
373 2245 462 2282 Julii
499 2247 614 2283 nostri
650 2260 725 2284 non
762 2246 913 2283 omnino
943 2259 1004 2283 ero
1037 2246 1240 2283 immemor.
1298 2244 1414 2282 Mitto
1448 2246 1493 2283 ad
1526 2251 1561 2282 te
1591 2245 1752 2296 quinque

198 2309 370 2347 nostratis
397 2311 537 2347 nummi
572 2311 691 2348 libras.
745 2311 835 2349 Tres
860 2315 982 2360 partes
1012 2310 1078 2348 tibi
1107 2322 1222 2354 sume,
1255 2308 1346 2346 duas
1373 2321 1460 2346 vero
1488 2323 1509 2347 a
1535 2315 1572 2347 te
1599 2309 1752 2361 recipiat

197 2373 329 2411 Julius.
386 2373 454 2425 (28
484 2375 588 2412 Febr.
621 2374 752 2426 1579.)

429 2449 520 2487 Tuae
549 2451 698 2500 pietatis
726 2457 763 2488 et
789 2457 866 2489 tuae
896 2458 1035 2490 sanctae
1064 2450 1264 2489 functionis
1293 2450 1595 2494 studiosissimus,

1153 2525 1426 2564 RICARDUS
1455 2525 1644 2569 COXUS,

1334 2602 1491 2639 Eliensis
1519 2602 1722 2652 episcopus.

557 2677 805 2703 mscmprm.

303 2730 454 2765 It‘mssmio
467 2731 621 2765 eeclesice
631 2730 976 2779 Tigurinaepast01·i
982 2760 987 2773 ‚

349 2793 548 2842 Rodolplzo
570 2795 762 2837 Gualtem,
777 2796 897 2832 amico
912 2808 990 2832 meo

352 2859 629 2904 spectatissimo.
