1876 3233
123 150 316 208 mxxvi]
411 189 414 194 ,
596 166 648 191 An
682 163 890 190 nnxniceM
927 159 1222 187 armaxoemxu.
1611 142 1692 181 125

123 280 312 318 Montium
343 279 593 317 convehendis
624 291 748 329 posse,
785 288 866 314 raro
903 273 993 311 mihi
1024 274 1060 311 in
1092 272 1302 311 istiusmodi
1330 270 1439 308 rebus
1473 281 1579 321 posse
1614 281 1695 318 pro-

123 345 241 384 desse.
315 344 399 393 Ego
441 343 579 381 etenim
617 341 837 392 saepissime,
874 352 946 390 quo
983 345 1063 375 tum
1107 338 1152 375 ad
1190 338 1379 375 doctorem
1424 333 1696 373 Christoferum

126 408 327 451 Montium,
353 421 436 446 curn
464 407 511 444 ad
538 413 587 449 te,
614 419 741 444 eorum
765 405 902 455 scripta
927 403 1222 446 transferrentur,
1248 402 1333 445 illis,
1360 400 1535 451 quamdiu
1564 398 1696 436 licebat

124 472 247 510 literas
290 485 353 522 per
390 471 602 510 inferiorem
637 471 885 508 transmittere
925 467 1178 513 Germaniam,
1215 467 1354 504 auxilio
1398 466 1476 503 fore
1519 463 1695 501 solebam.

126 536 237 575 Nune
270 542 396 574 tamen
430 549 495 586 per
531 536 715 586 integrum
755 541 876 572 totum
913 545 1052 570 annum
1093 546 1141 569 ne
1176 531 1302 568 literas
1339 531 1487 581 quidem
1524 529 1618 566 ullas
1653 528 1697 564 ad

125 601 222 638 viros
250 601 393 651 aliquos
418 601 548 638 doctos
578 615 643 651 per
669 600 881 639 inferiorem
909 597 1162 641 Germaniam,
1182 608 1266 647 quae
1289 596 1325 632 in
1356 594 1578 645 superiorem
1610 592 1699 629 Gor-

127 666 288 703 maniam
328 666 586 703 Helvetiamve
622 666 918 717 importarentur,
958 676 1005 699 ne
1046 661 1182 699 ibidem
1220 660 1461 711 aperirentur,
1505 657 1695 695 misimus:

128 730 180 768 ita
212 736 264 774 ut,
293 731 516 768 necessitate
548 731 683 774 coacti,
719 735 759 767 ut
787 729 905 766 literae
936 727 1197 776 Hamburgum
1231 723 1485 762 convehentur
1518 733 1698 759 curamus.

128 796 376 846 Quapropter,
397 796 514 836 donec
534 795 616 833 lucc
635 795 732 832 inter
750 794 936 844 Reginam
956 791 1228 830 serenissimam
1246 794 1411 826 nostram
1430 786 1702 837 Hispaniaeque

128 860 275 909 Regem
295 860 515 909 jamdudum
541 865 670 897 exorta
692 857 942 897 controversia
970 855 1183 899 cessaverit,
1214 860 1251 891 et
1278 860 1315 890 te
1343 858 1381 889 et
1401 851 1621 902 praedictum
1651 849 1698 886 D.

129 923 400 962 Christoferum
434 924 622 961 Montium
655 936 854 974 perpaucas
880 922 1005 966 istinc,
1037 926 1282 971 praeterquam
1314 931 1336 954 a
1365 915 1539 954 nundinis
1568 914 1702 952 Franc-

127 989 384 1034 fordiensibus,
412 989 536 1026 literas
564 995 781 1039 accepturos
808 987 951 1038 opinor.

208 1054 355 1091 Gratias
385 1054 452 1091 tibi
483 1067 556 1103 ago
586 1053 684 1104 quod
719 1052 807 1090 mihi
836 1065 943 1093 nova,
976 1064 1062 1101 quae
1099 1056 1136 1087 et
1167 1048 1263 1100 apud
1296 1061 1362 1086 vos
1389 1047 1426 1084 in
1460 1046 1635 1084 Helvetia
1666 1051 1701 1081 et

128 1118 166 1155 in
197 1118 330 1155 finibus
361 1118 497 1156 Galliae
530 1118 576 1155 ad
612 1117 826 1154 Helvetiam
858 1115 1113 1166 spectantibus
1145 1119 1263 1157 erant,
1296 1111 1560 1162 designaveris.
1628 1109 1703 1147 Hi(-

130 1194 218 1220 vero
239 1183 341 1220 nulla
361 1183 440 1233 jam
463 1182 629 1219 existunt
653 1194 761 1226 nova,
785 1180 830 1218 de
855 1180 986 1230 quibus
1011 1184 1112 1215 certo
1139 1177 1308 1221 scribam,
1334 1183 1580 1227 praeterquam
1606 1174 1705 1225 quod

131 1246 205 1284 (luo
235 1247 404 1290 comites,
432 1246 604 1284 videlicet
633 1244 915 1283 Northumbrize
942 1250 979 1281 et
1006 1233 1282 1285 ''Westmartizm
1309 1240 1369 1292 (ut
1403 1239 1539 1277 abhinc
1567 1238 1706 1288 aliquot

132 1317 220 1348 ante
248 1311 325 1348 dies
358 1311 504 1348 audisse
536 1317 573 1348 te
607 1307 815 1359 existimo)
850 1322 943 1359 quos
976 1307 1082 1358 regia
1117 1307 1293 1357 majestas
1331 1317 1458 1342 mense
1492 1303 1708 1341 Decembris

132 1375 291 1427 proximi
322 1376 502 1425 praeteriti
535 1388 659 1414 coram
690 1373 966 1412 honorabilibus
999 1371 1074 1409 suis
1106 1370 1321 1409 consiliariis
1351 1369 1481 1405 sistere
1509 1367 1632 1418 jussit,
1667 1373 1707 1403 ut

132 1440 273 1490 seipsos
310 1440 544 1489 suspectione
583 1438 870 1490 conspirationis
907 1438 953 1474 ab
987 1437 1058 1474 illis
1101 1433 1405 1487 praeconsultatte
1446 1432 1620 1469 adversus
1653 1443 1708 1468 re-

132 1504 313 1554 ligionem
358 1509 395 1540 et
438 1504 548 1541 fidem
588 1517 653 1555 per
690 1516 811 1541 sacras
848 1502 1046 1552 scripturas
1078 1501 1284 1551 probatam,
1319 1503 1355 1534 et
1397 1509 1442 1533 ex
1485 1496 1708 1533 auctoritate

132 1567 296 1617 Reginae
321 1574 460 1605 nostrae
486 1568 737 1606 serenissimae
767 1569 813 1604 10
842 1565 976 1603 abhinc
1002 1578 1121 1602 annos
1148 1564 1193 1600 ad
1218 1562 1413 1600 minimum
1443 1560 1596 1604 editam,
1623 1572 1709 1610 pur-

133 1637 276 1682 garent,
297 1632 432 1670 bellum
456 1633 741 1675 suscitaverunt,
766 1631 909 1681 ipsique
933 1642 1018 1667 cum
1043 1628 1184 1678 aliquot
1207 1626 1368 1676 Reginae
1388 1624 1545 1662 subditis
1566 1624 1712 1674 episco-

131 1702 258 1747 patum
280 1696 584 1741 Dunelmensem,
604 1697 663 1734 cui
690 1695 912 1746 Pilkington
933 1693 1128 1744 episcopus
1155 1690 1318 1742 praefuit,
1337 1688 1600 1729 incolentibus,
1621 1701 1713 1738 quos

135 1774 209 1798 una
233 1761 280 1799 ad
308 1762 477 1812 proelium
502 1761 735 1806 incitassent,
762 1772 871 1811 quam
897 1758 1011 1809 impie
1044 1770 1146 1794 arma
1173 1760 1360 1806 ceperunt.
1416 1752 1567 1804 Reliqui
1585 1758 1712 1789 tamen

137 1825 273 1865 subditi
299 1826 338 1862 in
366 1825 448 1862 aliis
476 1826 638 1876 regionis
662 1825 827 1876 partibus
853 1823 995 1874 insigni
1022 1822 1093 1860 Dei
1120 1821 1251 1870 gratia,
1273 1825 1313 1856 ut
1331 1818 1500 1861 decebat,
1527 1818 1565 1854 in
1592 1816 1714 1854 officio

135 1889 360 1932 manebant;
387 1902 518 1938 pacem
546 1890 752 1933 coluerunt,
774 1895 811 1925 et
830 1888 869 1925 in
888 1887 1017 1925 eadem
1037 1886 1103 1923 sub
1126 1885 1198 1923 Dei
1226 1889 1264 1921 et
1288 1883 1448 1932 Regina*
1470 1881 1629 1932 imperio
1655 1881 1714 1931 pic

135 1954 319 1990 vixerunt.
376 1953 508 2003 Illique
532 1954 594 2004 qui
612 1966 725 2004 prope
751 1953 1007 2004 episcopatum
1032 1950 1326 1988 Dunclmensem
1348 1947 1622 1989 habitaverunt,
1649 1959 1714 1982 no-

136 2018 272 2056 bilibus
291 2017 363 2054 illis
381 2017 480 2062 viris,
495 2031 588 2068 quos
601 2018 749 2067 Regina
761 2017 926 2061 miserat,
946 2016 985 2053 in
1003 2013 1267 2066 supprimendo
1282 2012 1356 2049 isto
1375 2010 1536 2048 tumultu
1551 2009 1712 2047 officium

138 2082 378 2133 praestabant.
433 2080 491 2119 Ac
521 2082 573 2119 ita
603 2081 759 2119 comites
786 2081 868 2118 illos
897 2081 991 2117 duos
1020 2084 1214 2128 totumque
1243 2089 1368 2113 eorum
1401 2075 1604 2112 exercitum
1632 2086 1715 2123 pro-

137 2145 285 2196 sequuti
314 2151 410 2186 sunt,
439 2151 480 2182 ut
507 2146 663 2183 comites
692 2145 761 2195 ipsi
795 2145 1012 2196 equitesque
1044 2141 1213 2180 nonnulli
1241 2140 1303 2191 qui
1333 2139 1416 2176 illos
1448 2137 1719 2175 comitabantur

140 2211 178 2248 ln
197 2210 362 2247 Scotiam
382 2209 509 2258 fugam
536 2216 725 2260 ceperunt,
752 2209 814 2246 ubi
840 2223 862 2245 a
881 2208 1034 2245 domino
1053 2206 1199 2244 Jacobo
1220 2204 1466 2255 gubernatore
1491 2207 1528 2239 et
1558 2215 1580 2238 a
1598 2202 1715 2239 nobili

140 2273 301 2325 quodam
334 2273 378 2310 de
411 2273 572 2311 Humeis
600 2280 814 2325 nuncupato
842 2273 876 2309 vi
910 2271 1008 2322 capti
1039 2277 1144 2313 sunt:
1182 2270 1234 2306 ita
1263 2272 1303 2304 ut
1331 2266 1431 2304 brevi
1465 2266 1504 2303 in
1537 2265 1716 2315 Angliam

141 2342 380 2384 adducentur,
402 2352 529 2390 sper03
558 2339 748 2387 condigna
775 2337 887 2374 etiam
915 2337 966 2374 ibi
986 2348 1111 2387 poena,
1137 2347 1222 2384 quae
1243 2345 1371 2370 corum
1395 2331 1495 2368 facta
1517 2329 1717 2380 postulant,

142 2406 360 2456 plectentur,
384 2417 460 2440 non
485 2402 626 2440 dubito.
684 2402 782 2438 Dum
810 2400 897 2437 dicti
928 2400 965 2437 in
997 2399 1109 2436 armis
1134 2402 1238 2434 erant
1266 2396 1417 2446 impium
1448 2399 1623 2431 conatum
1655 2393 1718 2430 de-

142 2469 347 2511 fendentes,
388 2466 691 2505 communionum
732 2478 807 2502 non
850 2464 968 2501 solum
1006 2475 1153 2500 mensas
1188 2460 1423 2511 dejiciebant,
1466 2470 1569 2495 sacra
1606 2457 1716 2494 biblia

141 2533 402 2575 dilacerabant,
427 2531 540 2569 libros
568 2531 648 2581 pios
678 2529 915 2572 dilaniabant,
944 2534 981 2565 et
1011 2526 1182 2565 homilias
1211 2525 1410 2575 impressas
1444 2521 1598 2572 pedibus
1627 2534 1717 2559 con-

143 2597 401 2639 culcaverunt3
439 2595 505 2632 sed
541 2595 692 2644 impiam
729 2593 842 2630 etiam
875 2592 1040 2636 missam,
1078 2597 1118 2627 ut
1155 2603 1221 2641 pro
1250 2588 1459 2626 viventibus
1487 2592 1525 2624 et
1562 2586 1718 2623 mortuis

143 2661 376 2704 sacrificium,
402 2673 525 2698 rursus
555 2658 755 2708 eriget-unt,
809 2657 858 2694 Et
883 2669 956 2707 quo
985 2656 1116 2693 melius
1139 2654 1263 2691 fictam
1289 2666 1392 2689 suam
1415 2651 1592 2703 pietatem
1616 2656 1718 2700 tege-

145 2730 241 2768 rent,
271 2737 397 2761 cruces
431 2723 666 2773 insigniaque
693 2721 866 2772 quaedam
900 2719 1130 2770 quorundam
1163 2723 1389 2759 sanctorum,
1422 2728 1514 2766 quos
1543 2720 1720 2765 patronos

146 2801 233 2829 suos
258 2794 296 2825 et
323 2788 534 2825 defensores
559 2800 639 2824 esse
665 2785 897 2823 crediderunt
923 2791 988 2822 aut
1018 2782 1249 2821 commentiti
1274 2786 1360 2819 sunt
1384 2779 1474 2824 fore,
1500 2780 1596 2817 inter
1619 2791 1718 2816 arma

148 2853 299 2895 extendi
326 2853 504 2890 fecerunt.

228 2917 341 2962 Quod
360 2917 405 2954 ad
425 2916 584 2954 amicum
606 2920 772 2953 nostrum
803 2915 849 2952 D.
871 2914 916 2951 R.
938 2913 1157 2955 VValterum,
1178 2924 1262 2949 curn
1285 2910 1372 2948 Joh.
1395 2908 1556 2947 Abelum
1580 2908 1721 2947 orabat,

148 2987 188 3022 ut
210 2981 278 3021 sibi
307 2986 485 3032 quantum
516 2993 659 3031 pannus
682 2979 840 3030 Anglice
868 2979 1027 3017 cariseus
1053 2978 1091 3015 in
1112 2976 1252 3027 Anglia
1271 2976 1403 3019 valeat,
1433 2980 1594 3025 quotque.
1619 2972 1722 3010 ulnas
