1845 3233
141 146 166 183 (ς
708 147 912 174 JOHANNES
945 144 1113 170 JUELLUS
1560 124 1703 180 [EPIST-

141 273 290 313 interca,
318 269 386 306 etsi
421 273 546 318 aperte
574 266 695 302 faveat
723 269 863 300 nostrae,
896 274 1032 305 causae,
1064 265 1191 296 tamen
1219 257 1354 308 partim
1384 270 1406 293 a
1431 256 1520 302 suis,
1548 269 1704 307 quorun-1

140 334 295 371 consilio
329 332 452 368 omnia
479 336 667 380 geruntur,
695 327 828 378 partim
854 339 875 362 a
900 325 1025 374 legato
1054 323 1217 373 Philippi
1242 321 1379 359 comite
1404 321 1530 365 Ferio,
1554 320 1708 358 homine

143 398 323 446 Hispano,
352 408 399 432 ne
419 394 507 444 quid
525 393 685 442 patiatur
706 389 873 428 innovari
895 388 1048 424 mirifice
1072 387 1282 423 deterretur.
1338 385 1409 422 Illa
1426 391 1553 422 tamen
1578 397 1707 435 quam-

143 461 193 496 vis
223 459 354 496 lentius
382 457 571 506 aliquanto
603 468 710 505 quam
743 466 811 491 nos
841 452 1008 495 velimus,
1036 456 1162 487 tamen
1192 455 1230 486 et
1262 449 1462 500 prudenter
1494 455 1531 486 et
1561 448 1707 485 fortiter

140 529 177 558 et
201 523 259 572 pie
284 521 513 571 persequitur
536 520 758 556 institutum.
815 516 865 553 Et
890 515 1056 565 quamvis
1081 513 1260 551 hactenus
1284 513 1465 564 principia
1492 513 1600 564 paulo
1627 512 1707 549 visa

140 592 225 622 sunt
252 585 405 628 duriora,
433 591 557 620 tamen
589 595 670 632 spes
698 587 754 618 est
783 579 981 629 aliquando
1005 584 1106 616 reete
1133 577 1222 615 fore.
1279 578 1437 623 Interea,
1465 591 1513 614 ne
1542 575 1707 627 episcopi

141 649 255 686 nostri
284 648 385 698 queri
407 647 550 696 possint
578 659 618 682 se
642 645 809 696 potentia
837 649 982 680 tantum
1019 648 1056 679 et
1077 643 1162 692 lege
1188 655 1268 680 esse
1286 642 1418 687 victos,
1447 654 1506 678 res
1532 646 1707 678 revocata

141 719 198 748 est
221 712 267 749 ad
292 711 588 762 disputationem,
618 716 658 746 ut
690 721 825 746 novem
857 721 904 744 ex
932 707 1082 751 nostris,
1111 706 1294 751 Scorzeus,
1325 705 1465 750 Coxus,
1496 704 1707 748 Witl1edus‚

141 776 296 820 Samius,
324 775 543 819 Grindallus,
568 773 734 817 Hornus,
762 772 944 816 Elmerus,
964 770 1126 808 Ghestus
1146 771 1295 821 quidam
1317 769 1650 819 Cantabrigiensis,
1671 773 1709 804 et

139 853 224 888 ego,
251 853 332 876 eum
352 839 512 889 quinque
538 837 730 888 episcopis,
755 837 886 873 abbate
912 835 1319 880 westmonasteriensi,
1350 834 1460 879 Colo,
1484 833 1706 875 Cloeadsaeo,

142 903 397 954 Harpesseldo,
440 903 484 939 de
523 902 579 938 his
617 902 726 938 rebus
771 913 894 937 coram
934 905 1066 938 senatu
1097 899 1363 949 colloquamur.
1420 898 1544 935 Prima
1581 901 1708 934 nostra

138 967 290 1003 assertio
324 972 391 1012 cst,
425 967 462 1003 in
489 966 643 1017 publicis
676 964 843 1015 precibus
876 968 914 1000 et
942 963 1262 1000 administratione
1293 967 1608 999 sacramentorum
1637 960 1710 997 alia

142 1031 193 1066 uti
220 1031 357 1080 lingua,
392 1044 501 1080 quam
532 1043 617 1080 quie
647 1042 669 1066 a
699 1029 836 1079 populo
868 1028 1111 1077 intelligatur,
1145 1028 1310 1065 alienum
1336 1040 1416 1064 esse
1448 1040 1470 1063 a
1496 1026 1606 1064 verbo
1635 1025 1708 1062 Dei

140 1100 176 1131 et
195 1108 215 1131 a
234 1095 496 1131 consuetudine
521 1094 716 1145 primitivae
740 1092 916 1130 ecclesiae.
973 1092 1103 1129 Altera
1122 1097 1192 1137 est,
1221 1092 1390 1142 quamvis
1409 1091 1603 1129 ecclesiam
1623 1103 1707 1140 pro-

142 1159 341 1201 vincialem,
365 1159 477 1195 ctiam
497 1159 636 1208 injussu
655 1157 836 1207 generalis
856 1157 1017 1202 concilii,
1046 1169 1156 1207 posse
1175 1157 1234 1193 vel
1252 1156 1458 1200 instituere,
1476 1155 1534 1192 vel
1550 1160 1707 1199 mutare,

143 1223 196 1259 vel
224 1223 400 1272 abrogare
432 1222 659 1259 ceremonias
687 1227 724 1258 et
748 1221 841 1258 ritus
870 1221 1153 1266 ecclesiasticos,
1187 1221 1307 1257 sicubi
1333 1220 1370 1257 id
1394 1220 1563 1257 videatur
1588 1219 1708 1256 facere

141 1286 185 1322 ad
212 1287 510 1324 zedifieationem.
563 1285 702 1329 Tertia,
731 1285 950 1322 sacrificium
977 1285 1068 1322 illud
1090 1284 1398 1335 propitiatorium,
1423 1283 1522 1334 quod
1549 1283 1708 1333 papistae

142 1350 286 1399 fingunt
311 1364 389 1387 esse
417 1350 454 1387 in
479 1350 602 1393 missa,
631 1363 707 1387 non
732 1362 840 1400 posse
869 1349 1014 1399 probari
1042 1362 1087 1385 ex
1116 1349 1229 1386 sacris
1256 1349 1384 1386 literis.
1442 1348 1564 1385 Pridie
1589 1347 1708 1385 calen-

142 1414 267 1450 darum
285 1413 422 1464 Aprilis
442 1414 653 1451 instituetur
676 1413 798 1463 prima
816 1412 1057 1450 conflictatio.
1100 1413 1279 1464 Episcopi
1299 1412 1462 1458 interim,
1483 1412 1588 1462 quasi
1605 1417 1712 1462 parta

141 1477 304 1522 victoria,
341 1477 558 1525 jamdudum
593 1477 793 1527 magnifiee
824 1476 1065 1527 triumphant.
1135 1477 1213 1514 Ubi
1250 1476 1523 1514 Frosclioverus
1560 1476 1607 1513 ad
1638 1488 1708 1513 nos

142 1542 293 1586 venerit,
319 1542 473 1579 scribam
499 1543 542 1579 de
567 1541 622 1578 his
650 1542 758 1578 rebus
784 1541 910 1578 onmia
933 1541 1116 1578 disertius.
1173 1541 1322 1591 Regina
1348 1547 1388 1578 te
1407 1540 1503 1591 gerit
1520 1540 1559 1577 in
1578 1540 1707 1577 oculis.

144 1604 286 1641 Literas
317 1611 399 1643 tuas
429 1606 520 1643 tanti
551 1606 650 1649 fecit,
684 1611 725 1642 ut
762 1619 823 1642 eas
861 1605 994 1642 iterum
1032 1605 1217 1655 tertioque
1250 1605 1490 1655 cupidissime
1521 1604 1707 1654 relegerit.

145 1669 295 1706 Librum
321 1676 437 1715 tuum,
468 1671 529 1707 ubi
554 1669 754 1714 advenerit,
786 1683 862 1706 non
885 1669 1013 1706 dubito
1036 1670 1155 1707 multo
1182 1670 1260 1707 fore
1286 1669 1499 1719 gratiorem.

224 1733 362 1770 Oxonii
388 1748 408 1770 a
431 1740 495 1771 tuo
515 1735 677 1771 discessu
700 1734 784 1770 duae
803 1734 994 1784 praeclarae
1013 1734 1169 1772 virtutes
1187 1734 1452 1772 incredibiliter
1468 1739 1590 1770 auctae
1610 1738 1706 1776 sunt,

144 1796 290 1833 inscitia
315 1804 352 1834 et
376 1798 628 1835 contumacia:
657 1798 789 1847 religio
812 1804 850 1834 et
867 1811 951 1848 spes
975 1798 1096 1835 omnis
1123 1798 1312 1835 literarum
1337 1805 1447 1848 atque
1472 1797 1709 1848 ingeniorum

142 1860 309 1897 funditus
342 1862 463 1910 periit.
519 1862 684 1900 Brochus
719 1863 913 1913 episcopus
947 1863 1246 1908 Glocestriensis,
1289 1863 1409 1900 bestia
1448 1861 1711 1912 impurissimae

145 1923 231 1960 vitae
257 1931 294 1961 et
316 1926 431 1963 multo
459 1926 665 1976 impurioris
689 1927 942 1972 conscientiae,
962 1927 1073 1977 paulo
1099 1933 1299 1977 antequam
1325 1932 1542 1971 moreretur,
1560 1926 1710 1962 misera-

144 1988 255 2024 bilem
288 1989 325 2024 in
355 1989 504 2026 modum
534 1991 763 2035 exclamavit,
801 2004 881 2027 sese
909 1992 989 2041 jam
1020 2005 1059 2029 se
1090 1991 1171 2042 ipso
1203 1991 1329 2041 judice
1366 2003 1448 2027 esse
1481 1991 1709 2027 damnatum.

146 2051 263 2088 Faber
297 2059 392 2096 tuus,
428 2055 622 2103 praeclarus
661 2055 801 2092 scilieet
835 2061 1012 2105 patronus
1053 2055 1248 2100 castitatis,
1291 2054 1542 2105 deprehensus
1581 2059 1638 2092 est
1671 2054 1710 2091 in

144 2115 347 2153 adulterio:
387 2123 424 2153 et
451 2132 495 2154 ea
523 2132 643 2163 causa,
673 2120 771 2169 quod
798 2120 935 2170 alioqui
964 2120 1027 2157 vix
1059 2121 1155 2157 solet
1180 2120 1273 2165 fieri,
1314 2132 1399 2156 cum
1437 2119 1561 2156 Maria
1591 2117 1711 2156 adhuc

144 2179 293 2223 viveret,
322 2193 415 2217 novo
444 2195 559 2227 more,
588 2183 690 2220 nullo
716 2184 886 2234 exemplo
907 2185 1033 2234 jussus
1059 2190 1116 2221 est
1138 2185 1268 2221 cedere
1297 2183 1458 2220 lectione
1482 2182 1709 2233 theologica.

148 2243 336 2280 Brucrnus
365 2245 491 2291 simili,
521 2247 584 2282 sed
609 2247 722 2297 longe
746 2248 985 2298 flagitiosiori
1010 2249 1056 2285 de
1082 2249 1221 2285 scelere
1245 2253 1397 2285 coactus
1425 2253 1481 2284 est
1505 2248 1711 2297 relinquere

143 2306 413 2355 professionem
442 2309 580 2359 linguze
618 2311 829 2349 Hebraicae.
886 2313 943 2349 De
981 2311 1147 2349 Martiali
1184 2312 1278 2349 nihil
1316 2312 1450 2357 scribo,
1486 2325 1533 2348 ne
1567 2310 1715 2349 chartas

146 2371 407 2410 contaminem.
464 2373 520 2410 De
543 2374 727 2412 &Vestorio
754 2376 888 2412 audisti
913 2382 1033 2414 antea.
1090 2377 1164 2414 Sed
1187 2377 1276 2426 quid
1299 2376 1405 2421 istos,
1430 2376 1587 2426 inquies,
1613 2388 1715 2412 com-

147 2443 328 2471 memoras
342 2435 366 2472 ’.θ’
414 2436 466 2474 Ut
490 2438 685 2488 intelligas,
716 2440 845 2489 quibus
868 2441 1053 2490 judicibus
1077 2441 1282 2491 oportuerit
1306 2441 1354 2478 D.
1378 2440 1632 2487 Cranmerum,
1663 2442 1711 2479 D.

148 2496 345 2542 Ridlaeum,
384 2499 429 2536 D.
469 2500 696 2539 Latimcrum
729 2504 978 2542 condemnari.
1049 2505 1108 2543 De
1146 2505 1283 2550 Scotis,
1319 2505 1364 2541 de
1397 2518 1503 2555 pace,
1535 2505 1580 2542 de
1616 2506 1716 2544 bello

148 2559 250 2596 nihil.
305 2561 445 2600 Ternas
475 2565 521 2601 ad
547 2571 584 2602 te
619 2566 703 2603 dedi
730 2567 854 2604 literas
883 2582 929 2605 ex
955 2569 1112 2614 itinere;
1151 2582 1235 2620 quae
1271 2569 1412 2606 utrum1
1441 2569 1488 2606 ad
1515 2574 1551 2606 te
1587 2582 1715 2620 perve-

150 2624 280 2666 nerint,
315 2626 451 2663 nescio.
506 2627 579 2665 Sed
607 2630 779 2679 quoniam
807 2632 918 2681 longe
946 2634 1132 2678 absumus,
1164 2634 1327 2684 longius,
1354 2634 1388 2671 O
1417 2634 1541 2671 Deum
1564 2634 1716 2672 immor·

146 2687 281 2724 talem!
310 2695 348 2725 et
369 2690 504 2727 diutius
528 2693 657 2737 multo,
688 2708 798 2744 quam
832 2696 979 2741 vellem,
1005 2698 1124 2735 literae
1147 2705 1287 2736 nostrae
1312 2699 1497 2736 interdum
1528 2698 1650 2736 ventis
1677 2706 1716 2736 et

148 2750 305 2788 fortunae
336 2754 614 2792 committendae
642 2764 738 2794 sunt.

225 2815 329 2860 Vale,
361 2817 413 2854 mi
438 2823 551 2866 pater,
583 2825 620 2855 et
644 2820 793 2859 domine
818 2823 856 2859 in
882 2823 1034 2862 Christo
1059 2826 1331 2864 colendissime.
1389 2827 1517 2864 Saluta
1546 2827 1595 2864 D.
1623 2827 1714 2864 Bul-

150 2878 343 2929 lingerum,
383 2880 429 2918 D.
464 2882 688 2930 Gmsterum,
726 2886 773 2923 D.
809 2887 1017 2935 Simlerum,
1056 2890 1105 2927 D.
1139 2890 1357 2937 Gesnerum,
1398 2892 1446 2930 D.
1480 2891 1716 2936 Lavaterum,

739 2969 750 2988 1
772 2972 850 2999 Edit.
868 2973 959 3001 Burn.
973 2976 1108 3009 utrumq,-
