1845 3233
165 157 190 198 3
199 155 221 197 6
763 167 925 194 THOMAs
956 166 1135 193 sampson
1584 149 1725 210 [xzmsr.

165 284 332 321 videntur
353 284 458 321 mala.
514 284 590 321 Vos
617 297 720 334 ergo,
747 282 969 320 sanctissimi
995 288 1129 332 patres,
1155 287 1265 332 teque
1288 281 1480 332 imprimis,
1517 282 1565 318 D.
1604 282 1727 327 Petre,

164 354 267 397 pater
293 353 330 383 et
357 354 562 398 praeceptor
592 347 791 392 carissime,
820 360 885 396 per
915 346 1044 383 Jesum
1075 345 1267 383 Christum
1295 346 1476 391 obtestor,
1504 351 1546 382 ut
1576 351 1725 384 strenue

167 411 367 447 Dominum
396 411 583 460 deprecari
612 411 745 448 velitis.
804 410 904 455 Hoc,
934 409 1018 455 hoc,
1056 409 1222 460 inquam,
1248 409 1479 454 contendite,
1512 423 1561 447 ne
1588 410 1724 448 veritas

164 474 347 523 evangelii
374 474 431 511 vel
459 474 669 512 obfuscetur
699 475 755 511 vel
787 478 971 511 evertatur
1006 472 1104 523 apud
1139 472 1299 523 Anglos.
1355 473 1504 511 Gratias
1534 474 1603 511 tibi
1637 486 1724 523 ago,

163 537 377 574 suavissime
413 544 526 587 pater,
558 539 656 588 quod
685 544 761 575 tam
799 538 848 574 sis
875 537 1037 587 diligens
1071 537 1110 574 in
1147 537 1355 574 scribendo.
1411 536 1632 576 Satisfecisti
1668 543 1724 580 tu,

162 600 338 637 satisfecit
375 607 412 637 ct
449 601 497 638 D.
526 602 760 652 Bullingerus
793 601 884 638 mihi
914 602 953 638 in
982 601 1266 651 questionibus:
1301 600 1466 651 utrisque
1503 600 1724 639 immortalis

163 665 264 701 Deus
290 670 416 701 noster
440 666 628 715 rependat.
685 665 928 703 Consecratio
956 665 1214 715 episcoporum
1247 664 1453 715 aliquorum
1483 665 1563 715 jam
1596 665 1725 703 habita

162 733 229 765 est.
282 728 330 765 D.
367 728 547 766 Parkerus
578 728 872 774 Cantuariensis,
902 730 950 767 D.
981 728 1066 766 Cox
1094 729 1266 773 mensis,
1308 729 1357 766 D.
1394 729 1549 767 Grindal
1584 729 1722 767 Londi—

160 792 308 836 nicnsis,
340 792 386 829 D.
412 793 553 830 Sandus
577 793 848 843 Vigorniensis‚
878 792 978 830 noti¹
1004 792 1073 830 tibi
1097 793 1262 830 nomine.
1322 792 1429 830 Unus
1457 793 1551 831 alius
1575 794 1721 831 Wallus

159 856 271 892 etiam
298 861 354 892 est
383 856 587 907 episcopus,
618 857 683 894 sed
712 857 781 895 tibi
811 857 978 907 ignotus.
1028 856 1237 907 chuentur
1263 857 1363 894 brevi
1398 857 1446 895 D.
1481 857 1722 895 Pilkintonus

159 920 425 963 Vintoniensis,
457 920 502 957 D.
532 920 764 959 Benthamus
796 920 1076 965 coventrensis,
1108 926 1146 958 et
1178 926 1263 958 tuus
1296 921 1440 958 Juellus
1473 921 1719 959 Sarisburien-

156 984 219 1022 sis.
274 984 397 1028 Brevi,
416 984 579 1035 inquam,
601 990 642 1022 ut
667 985 789 1030 audio,
809 991 893 1023 sunt
911 985 973 1022 isti
992 985 1245 1030 consecrandi,
1268 984 1328 1036 (ut
1346 990 1476 1022 nostro
1503 990 1588 1022 utar
1611 998 1722 1023 voca-

157 1048 272 1096 bulo.)
327 1047 409 1097 Ego
442 1048 479 1085 in
515 1048 640 1086 limine
665 1048 815 1093 haere03
854 1063 974 1100 neque
1005 1048 1104 1086 enim
1141 1049 1201 1086 vel
1237 1062 1408 1100 egressus
1440 1049 1496 1086 vel
1531 1050 1721 1100 ingressus

156 1112 269 1148 datur.
315 1111 348 1148 O
368 1124 479 1162 quam
498 1113 627 1150 vellem
653 1114 803 1163 egredi!
840 1114 942 1151 Deus
967 1113 1046 1164 ipse
1067 1113 1174 1150 novit
1193 1126 1303 1163 quam
1327 1112 1399 1150 hoc
1419 1126 1560 1151 aveam.
1609 1114 1720 1165 Epis-

158 1175 240 1225 copi
273 1174 362 1212 fiant
392 1175 477 1220 alii;
516 1189 589 1226 ego
616 1177 747 1214 vellem
775 1183 838 1215 aut
871 1177 1149 1215 concionatoris
1183 1177 1310 1223 solius,
1344 1183 1409 1215 aut
1439 1177 1575 1215 nullius
1602 1178 1717 1215 eccle—

153 1238 300 1283 siastici,
330 1252 465 1276 munus
501 1241 630 1278 subire.
688 1241 845 1279 Domini
876 1242 941 1278 fiat
971 1241 1155 1279 voluntas.
1212 1241 1245 1279 O
1278 1241 1331 1279 mi
1360 1242 1490 1293 pater!
1526 1242 1614 1292 quid
1644 1255 1718 1292 ego

155 1315 311 1352 sperem,
339 1316 422 1340 cum
445 1304 568 1341 exulet
591 1318 636 1342 ex
662 1306 745 1343 aula
778 1305 919 1343 Christi
948 1305 1207 1351 ministerium,
1235 1306 1454 1343 admittatur
1481 1311 1605 1344 autem
1637 1320 1718 1344 cru-

155 1366 252 1403 cifixi
276 1367 402 1417 imago
427 1380 509 1405 cum
533 1369 698 1407 accensis
726 1370 993 1407 luminaribus?
1048 1369 1192 1408 Altaria
1216 1371 1364 1421 quidem
1387 1376 1473 1407 sunt
1499 1370 1657 1407 diremta
1682 1378 1719 1407 et

155 1430 333 1479 imagines
368 1444 433 1481 per
469 1437 590 1469 totum
625 1447 805 1484 regnum:
847 1434 882 1471 in
916 1434 994 1472 sola
1023 1434 1107 1471 aula
1143 1434 1311 1472 crucifixi
1346 1434 1474 1484 imago
1509 1447 1593 1471 cum
1631 1447 1718 1472 can-

154 1493 245 1530 delis
262 1494 462 1538 retinetur:
492 1502 530 1533 et
552 1497 664 1535 miser
689 1498 856 1549 popellus
884 1498 920 1535 id
948 1511 1025 1535 non
1053 1499 1173 1536 solum
1192 1498 1350 1536 libenter
1373 1498 1488 1543 audit,
1515 1498 1579 1535 sed
1604 1498 1716 1535 etiam

153 1562 283 1607 sponte
316 1558 524 1596 imitabitur.
580 1560 680 1605 Quid
710 1575 782 1612 ego
813 1575 968 1612 sperem,
998 1562 1061 1599 ubi
1090 1568 1166 1600 tres
1194 1576 1241 1599 ex
1269 1562 1420 1599 novitiis
1454 1561 1592 1599 nostris
1620 1561 1715 1612 epis-

153 1621 267 1670 copis,
296 1634 388 1659 unus
414 1622 525 1660 veluti
559 1637 662 1662 sacer
687 1626 866 1671 minister,
895 1627 1075 1664 secundus
1103 1627 1187 1664 loco
1215 1626 1376 1670 diaconi,
1407 1626 1539 1664 tertius
1568 1625 1714 1663 subdia-

154 1684 238 1721 coni
256 1685 350 1729 loco,
375 1698 515 1724 mensae
537 1688 677 1726 domini
703 1691 887 1735 astabunt,
908 1704 1033 1728 coram
1056 1691 1221 1741 imagine
1241 1690 1420 1735 crucifixi,
1443 1690 1500 1727 vel
1520 1696 1619 1727 certe
1637 1704 1713 1728 non

151 1749 277 1797 procul
304 1750 374 1786 sito
402 1749 511 1796 idolo,
540 1765 623 1789 cum
652 1754 825 1798 candelis,
851 1755 972 1792 ornati
1004 1755 1123 1792 aureis
1150 1755 1315 1792 vestibus
1345 1754 1550 1805 papisticis,
1586 1754 1714 1804 sicque

151 1824 290 1848 sacram
326 1813 478 1851 Domini
506 1829 650 1853 coenam
678 1818 870 1868 porrigent
899 1819 978 1856 sine
1004 1820 1078 1857 ulla
1108 1819 1319 1857 concione?
1376 1818 1474 1864 Quae
1499 1833 1584 1870 spes
1609 1819 1712 1861 boni,

151 1887 234 1911 cum
259 1889 280 1912 a
301 1877 411 1914 mutis
439 1878 518 1915 istis
546 1880 765 1918 idololatriae
784 1882 947 1933 reliquiis
973 1884 1194 1934 religionem
1213 1884 1331 1921 nostri
1352 1889 1475 1934 petere
1502 1883 1645 1928 volunt,
1677 1890 1713 1921 et

151 1951 226 1975 non
260 1952 281 1975 a
311 1940 391 1977 viva
424 1942 493 1979 Dei
526 1957 615 1981 voce
644 1946 830 1983 sonante?
885 1947 985 1992 Quid
1019 1962 1162 1999 sperem
1196 1962 1281 1998 ego,
1315 1960 1399 1985 cum
1435 1947 1712 1986 concionaturis

150 2002 293 2052 injungi
321 2004 429 2042 debet
447 2020 494 2043 ne
512 2007 603 2044 vitia
626 2022 752 2058 aspere
771 2015 984 2060 tangantur,
1001 2025 1084 2049 cum
1110 2012 1393 2050 concionatores
1419 2011 1450 2049 si
1477 2011 1566 2062 quid
1584 2012 1712 2049 dicant

149 2066 246 2114 quod
269 2067 468 2117 displiceat,
488 2084 562 2108 non
580 2071 717 2110 ferendi
736 2075 939 2124 putantur?
995 2076 1066 2113 Sed
1092 2090 1166 2127 quo
1190 2089 1249 2113 me
1272 2076 1370 2127 rapit
1395 2072 1511 2113 aestus
1540 2075 1611 2113 iste
1631 2077 1709 2113 ani-

148 2129 228 2165 mi?
282 2130 466 2170 Silendum
490 2141 556 2172 est.
611 2137 684 2174 Vix
708 2138 829 2188 capita
847 2145 985 2176 nostrae
1005 2140 1238 2178 imminentis
1256 2140 1418 2177 miseriae
1443 2140 1565 2190 tetigi.
1608 2140 1711 2178 Deus

148 2198 299 2239 aeterne,
320 2197 435 2234 nostri
457 2198 629 2236 miserere
655 2214 719 2250 per
744 2201 931 2240 Christum
951 2204 1073 2241 Deum
1094 2210 1131 2241 et
1155 2205 1387 2242 Salvatorem
1403 2209 1585 2242 nostrum.

226 2257 383 2296 Unicam
404 2260 499 2298 hanc
518 2276 539 2299 a
557 2263 658 2301 vobis
679 2266 928 2315 quaestionem
954 2281 1160 2318 proponam
1181 2268 1418 2306 solvendam:
1449 2268 1500 2305 mi
1526 2274 1644 2319 pater,
1670 2274 1707 2305 te

146 2320 227 2357 volo
254 2322 306 2358 uti
333 2324 529 2362 mediatore
552 2328 649 2377 apud
677 2329 723 2366 D.
754 2330 1009 2382 Bullingerum
1039 2338 1076 2369 et
1105 2333 1151 2369 D.
1178 2333 1460 2370 Bernardinum.
1520 2332 1618 2369 Haec
1637 2340 1706 2378 est,

145 2397 231 2421 num
252 2385 377 2435 imago
395 2389 560 2426 crucifixi
582 2404 664 2428 cum
690 2394 852 2431 candelis
881 2396 1044 2433 accensis
1066 2396 1104 2433 in
1123 2409 1254 2434 mensa
1273 2397 1430 2434 Domini
1448 2396 1582 2446 posita,
1602 2409 1704 2441 num,

145 2447 304 2496 inquam,
330 2450 377 2486 sit
406 2452 500 2489 inter
520 2454 718 2505 adiaphora
744 2459 943 2508 ponenda?
998 2460 1038 2497 Si
1063 2473 1141 2497 non
1167 2461 1227 2505 sit,
1262 2461 1327 2498 sed
1353 2473 1420 2512 pro
1446 2473 1486 2497 re
1511 2460 1642 2497 illicita
1669 2468 1705 2497 et

144 2511 281 2548 nefaria
298 2511 473 2558 ducenda,
502 2522 578 2554 tum
605 2517 676 2556 hoc
705 2534 855 2570 quaero:
881 2523 911 2559 si
935 2523 1107 2574 princeps
1133 2525 1185 2562 ita
1210 2525 1383 2575 injungat
1407 2524 1579 2562 omnibus
1607 2524 1704 2574 epis-

143 2574 245 2622 copis
265 2580 301 2610 et
319 2578 535 2624 pastoribus,
561 2587 601 2618 ut
618 2583 676 2619 vel
698 2584 897 2622 admittant
915 2586 953 2623 in
982 2601 1064 2625 suas
1084 2589 1260 2626 ecclesias
1283 2588 1488 2638 imaginem
1508 2601 1592 2626 cum
1613 2602 1700 2626 can-

144 2637 246 2680 deliS,
262 2638 318 2674 vel
333 2640 532 2680 ministerio
549 2644 686 2683 Christi
703 2649 849 2694 cedant,
869 2650 956 2700 quid
975 2650 1034 2689 hic
1052 2652 1263 2690 faciendum
1283 2653 1361 2690 sit?
1398 2652 1460 2690 An
1480 2665 1557 2690 non
1576 2653 1701 2704 potius

144 2699 381 2738 deserendum
394 2704 635 2745 ministerium
651 2711 749 2748 verbi
763 2718 801 2749 et
821 2717 1155 2753 sacramentorum²
1170 2719 1232 2762 sit,
1252 2730 1362 2767 quam
1379 2723 1420 2754 ut
1434 2715 1515 2754 hae³
1529 2716 1699 2767 reliquiae

142 2761 428 2803 Amorrhcorum
464 2769 727 2811 admittantur?
782 2775 893 2814 Certe
925 2778 1096 2816 videntur
1127 2781 1296 2818 nonnulli
1329 2795 1376 2818 ex
1406 2781 1544 2827 nostris
1573 2781 1698 2831 aliquo

141 2826 251 2863 modo
280 2827 351 2866 huc
381 2830 566 2877 inclinare,
596 2842 635 2872 ut
671 2836 753 2875 haec
782 2852 847 2888 pro
877 2841 1085 2892 adiaphoris
1116 2845 1234 2894 accipi
1263 2845 1412 2883 vellent.
1470 2845 1555 2895 Ego
1581 2845 1698 2882 omni-

140 2902 187 2926 no
217 2897 304 2940 puto
339 2894 460 2942 potius
488 2897 732 2938 abdicandum
765 2904 1024 2952 ministerium,
1059 2908 1089 2944 si
1122 2909 1233 2946 modo
1266 2909 1302 2946 id
1332 2909 1558 2959 injungatur.
1613 2909 1698 2946 Jam

336 2983 358 3017 [¹
380 2985 440 3012 MS.
461 2989 549 3014 notos.
782 2992 794 3008 ”-“
813 2995 872 3022 MS.
892 2999 1065 3025 sanctorum.
1299 2998 1310 3016 ³
1329 3000 1390 3026 MS.
1411 2999 1491 3033 luen]
