1845 3233
180 158 265 198 106
460 170 682 197 EDMUNDUS
711 169 962 196 GRINDALLUS
996 169 1044 194 ET
1079 168 1280 195 noBERTus
1312 168 1474 194 Hormus
1618 153 1764 209 [EPIST.

171 298 275 322 suam
295 284 363 321 sibi
389 289 554 334 ereptam
575 284 764 321 Helenam
783 281 1056 333 recuperandi?
1113 281 1229 326 Quod
1255 281 1288 318 si
1312 281 1525 319 inconsulto
1549 286 1763 319 nostrorum

173 349 332 387 consilio
360 348 691 397 acquiesceremus,
717 352 759 384 ut
781 359 912 383 omnes
930 345 1071 395 junctis
1094 345 1234 382 viribus
1255 345 1437 396 impetum
1460 346 1501 383 in
1526 351 1649 383 vestes
1670 346 1765 395 legi-

175 413 243 450 bus
277 410 532 448 constabilitas
566 416 696 447 contra
729 411 855 459 legem
890 409 1084 452 faciamus,
1112 408 1353 458 perimamus,
1381 422 1425 446 ac
1458 408 1648 446 deleamus
1680 421 1763 447 om—

172 476 275 520 nino,
301 480 366 511 aut
391 474 500 511 simul
526 487 657 512 omnes
682 473 814 510 munia
840 485 1043 515 exuamus3
1076 472 1302 522 papisticum
1330 473 1515 524 profecto,
1544 473 1603 510 vel
1629 473 1763 510 saltem

173 539 641 589 Lutherano-papisticum,
666 538 889 575 haberemus
907 536 1170 580 ministerium,
1190 542 1255 573 aut
1273 538 1428 574 omnino
1452 538 1609 575 nullum.
1664 537 1764 575 Illud

170 609 296 641 autem
321 603 445 640 Deum
469 603 653 653 optimum
678 601 884 639 maximum
912 606 1105 645 testamur,
1132 601 1264 638 fratres
1288 601 1328 639 in
1357 600 1511 639 Christo
1537 601 1761 646 honorandi,

170 680 292 718 neque
325 666 434 717 culpa
458 666 627 704 evenisse
653 665 849 703 dissidium
874 663 947 701 1100
972 670 1114 709 nostra,
1144 677 1215 702 nec
1237 677 1302 715 per
1323 678 1395 702 nos
1418 671 1516 703 stare
1538 678 1613 716 quo
1636 665 1763 702 minus

170 730 380 768 istiusmodi
405 735 530 767 vestes
550 743 570 767 e
588 729 715 767 medio
735 729 976 771 tollerentur;
1006 727 1085 765 imo
1104 728 1338 766 sanctissime
1361 729 1449 766 licet
1461 729 1642 779 juremus,
1659 730 1763 766 labo-

168 807 270 833 rasse
300 806 371 831 nos
403 792 586 831 hactenus
615 798 757 843 quanto
786 791 978 842 potuimus
1009 791 1149 837 studio,
1175 792 1261 835 fide,
1288 792 1498 842 diligentia,
1524 799 1566 829 ut
1585 792 1623 829 id
1648 792 1761 830 effec-

169 865 248 896 tum
271 858 454 903 daremus,
486 857 584 908 quod
609 858 743 894 fratres
771 856 967 907 postulant
995 861 1033 893 et
1062 868 1132 893 nos
1165 860 1351 906 optamus
1406 857 1546 897 Verum
1571 857 1612 894 in
1635 862 1762 894 tantas

168 922 337 960 adductis
356 922 550 972 angustias
568 921 658 971 quid
683 920 908 964 faciendum,
931 918 1070 971 (multa
1093 920 1211 965 vobis,
1231 920 1295 970 qui
1313 921 1514 971 prudentes
1537 926 1574 958 et
1592 921 1640 958 ad
1663 920 1761 971 peri-

164 987 251 1025 cula
278 986 446 1024 ecclesiis
479 984 736 1036 impendentia
764 984 1025 1035 perspicienda
1058 984 1149 1021 estis
1181 997 1350 1034 sagaces,
1381 984 1620 1034 conjicienda
1647 986 1760 1022 relin-

168 1049 347 1101 quimus,)
383 1050 457 1088 nisi
483 1056 525 1087 ut
551 1063 635 1087 cum
664 1062 741 1086 non
773 1061 975 1099 possumus
1008 1048 1108 1098 quod
1134 1048 1304 1093 velimus,
1333 1048 1493 1086 velimus
1524 1049 1564 1086 in
1593 1049 1760 1087 Domino

167 1116 204 1153 id
235 1115 335 1165 quod
363 1114 593 1165 possumus?

249 1180 445 1217 Hactenus
473 1191 551 1216 rem
582 1183 860 1216 controversam
894 1183 932 1214 et
960 1177 1112 1227 plenam
1143 1177 1389 1215 dissensionis
1418 1178 1516 1215 inter
1544 1190 1628 1223 nos,
1655 1182 1697 1214 ut
1719 1190 1760 1215 se

167 1245 294 1290 habet,
312 1244 565 1294 exposuimus.
623 1242 734 1280 Nunc
761 1254 850 1279 vero
869 1241 969 1292 quod
992 1241 1177 1292 reliquum
1201 1247 1271 1287 est,
1291 1241 1462 1293 accipite.
1519 1241 1759 1279 Falsissimus

166 1309 320 1347 omnino
337 1313 394 1346 est
410 1308 472 1345 ille
490 1320 628 1352 rumor,
645 1307 676 1344 si
695 1312 824 1343 tamen
843 1318 971 1343 rumor
988 1305 1170 1342 dicendus
1187 1306 1249 1351 sit,
1264 1305 1457 1354 (novimus
1477 1305 1578 1342 enim
1596 1305 1758 1356 pruden-

165 1374 256 1411 tiam
278 1378 436 1409 vestram
462 1385 505 1409 ac
527 1370 768 1414 modestiam,
790 1375 828 1407 et
851 1368 1078 1418 laudamus,)
1098 1369 1144 1407 de
1168 1370 1398 1419 receptione,
1418 1369 1692 1420 subscriptione
1719 1375 1759 1407 et

166 1437 437 1488 approbatione
454 1448 637 1473 novorum
655 1435 813 1472 istorum
832 1434 1073 1472 articulorum
1087 1447 1181 1484 quos
1192 1434 1397 1472 recensetis
1414 1448 1422 1478 ;
1451 1447 1522 1471 nec
1536 1434 1658 1484 magis
1670 1439 1760 1472 sunt

162 1514 323 1546 veraces,
343 1501 405 1552 qui
423 1501 499 1538 sive
518 1499 667 1550 scriptis
687 1499 763 1536 suis
782 1498 952 1549 epistolis
970 1498 1048 1536 sive
1066 1498 1188 1535 verbis
1207 1511 1333 1536 coram
1352 1498 1423 1536 hoc
1443 1504 1631 1549 praetextu
1649 1498 1757 1535 vobis

162 1566 287 1604 fucum
305 1566 441 1611 facere,
465 1565 576 1602 nobis
595 1570 720 1601 autem
741 1563 966 1601 calumniam
986 1563 1146 1608 inurere,
1165 1568 1252 1600 sunt
1270 1562 1409 1600 conati.
1457 1562 1632 1613 Plerique
1652 1562 1755 1599 enim

166 1643 298 1668 omnes
325 1630 388 1667 isti
418 1629 563 1667 articuli
590 1628 686 1666 falso
714 1628 826 1665 nobis
856 1627 1104 1678 objiciuntur:
1133 1627 1310 1677 perpauci
1340 1627 1590 1678 recipiunttu·:
1621 1626 1756 1666 horum

166 1695 320 1733 omnino
337 1694 429 1731 nulli
447 1693 621 1731 fratribus
641 1706 708 1730 sua
726 1691 1000 1743 subscriptione
1025 1691 1254 1742 approbandi
1273 1691 1533 1728 obtruduntur.
1591 1690 1757 1729 Canttun

165 1759 204 1796 in
236 1759 384 1809 templis
416 1759 617 1809 figuratum
647 1770 723 1794 una
750 1770 835 1794 cum
867 1757 1025 1806 strepitu
1056 1768 1287 1805 organorum
1319 1755 1559 1793 retinendum
1583 1768 1654 1792 nos
1677 1768 1756 1793 non

166 1823 404 1868 affirmamus,
426 1823 516 1868 imo,
538 1828 650 1873 prout
682 1822 804 1868 decet,
833 1821 1072 1859 insectamur.
1129 1819 1373 1870 Peregrinam
1400 1819 1583 1869 linguam,
1603 1820 1756 1857 exuffla-

164 1887 303 1933 tiones,
324 1888 566 1932 exorcismos,
587 1887 724 1931 oleum,
744 1893 909 1936 sputum,
928 1886 1062 1930 lutum,
1082 1897 1263 1922 accensos
1283 1896 1425 1930 cereOS,
1451 1890 1490 1921 et
1509 1884 1587 1934 ejus
1606 1885 1757 1934 generis

163 1950 248 1997 alia,
277 1965 325 1989 ex
351 1952 479 2003 legum
512 1952 733 2002 praescripto
770 1963 962 2001 nunquam
993 1950 1218 1994 revocanda,
1248 1949 1398 2000 penitus
1432 1950 1559 1986 amisit
1597 1949 1757 1987 ecclesia

162 2015 385 2066 Anglicana.
439 2016 620 2054 Mulieres
648 2029 759 2067 posse
790 2020 855 2052 aut
885 2015 1020 2052 debere
1044 2014 1233 2064 baptizare
1260 2013 1478 2059 infantulos,
1508 2014 1612 2051 nullo
1642 2014 1755 2051 modo

161 2091 310 2130 prorsus
335 2081 573 2119 assentimur.
629 2080 675 2118 In
700 2093 824 2118 coenae
846 2079 1064 2117 Dominicae
1090 2078 1331 2129 perceptione
1349 2091 1487 2128 panem
1505 2078 1757 2116 communiter

161 2143 333 2194 frangere
357 2144 510 2182 cuilibet
528 2144 861 2187 communicaturo,
888 2156 966 2180 non
996 2142 1052 2180 ori
1081 2142 1243 2179 inserere
1272 2141 1338 2179 sed
1367 2141 1406 2178 in
1431 2154 1566 2179 manus
1594 2141 1752 2186 tradere,

161 2208 314 2245 modum
346 2208 547 2259 spiritualis
576 2207 878 2245 manducationis
908 2214 946 2244 et
974 2207 1195 2257 praesentiae
1225 2206 1392 2256 corporis
1416 2205 1559 2243 Christi
1584 2206 1623 2243 in
1647 2219 1755 2244 sacra

163 2285 272 2309 coena
302 2272 500 2323 explicare,
528 2273 634 2322 leges
656 2273 804 2323 jubent,
834 2286 922 2310 usus
949 2272 1159 2316 confirmat,
1189 2271 1437 2308 oblatratores
1460 2271 1582 2308 nostri
1605 2270 1754 2321 Anglo-

165 2335 418 2373 Lovanienses
455 2336 606 2373 nefariis
645 2337 721 2374 suis
758 2336 905 2388 scriptis
942 2341 1140 2374 testantur.
1197 2335 1346 2373 Uxores
1382 2335 1639 2372 ministrorum
1673 2349 1753 2373 non

161 2405 330 2436 arcentur
348 2414 370 2437 a
389 2400 466 2437 suis
485 2400 647 2444 maritis;
668 2400 900 2446 cohabitant,
916 2407 954 2438 et
973 2413 1103 2438 eorum
1120 2399 1341 2450 conjugium
1364 2400 1465 2448 apud
1484 2412 1615 2437 omnes
1636 2399 1753 2451 (sem-

162 2474 229 2510 per
257 2464 424 2513 papistas
447 2462 675 2515 excipimus)
702 2464 860 2502 habetur
884 2465 1117 2502 honorabile.
1172 2464 1347 2515 Denique
1370 2477 1449 2501 non
1475 2464 1599 2501 minus
1617 2464 1753 2501 falsum

163 2531 220 2562 est
237 2527 338 2575 quod
355 2528 556 2574 oblatrant,
575 2541 691 2579 penes
709 2529 810 2566 solos
828 2530 1025 2580 episcopos
1050 2542 1203 2566 omnem
1225 2542 1307 2566 esse
1325 2529 1594 2566 ecclesiasticae
1615 2529 1753 2578 guber-

163 2588 325 2625 nationis
348 2596 589 2639 potestatem,
621 2592 693 2629 etsi
718 2592 856 2642 primas
881 2592 956 2630 illis
985 2593 1063 2630 dari
1088 2606 1167 2630 non
1192 2605 1389 2642 negamus
1444 2593 1546 2631 Nam
1569 2592 1610 2629 in
1641 2592 1754 2630 rebus

163 2650 377 2700 hujusmodi
398 2656 658 2694 ecclesiasticis
689 2657 729 2694 in
755 2657 901 2707 synodo
928 2657 1126 2694 deliberari
1156 2658 1273 2694 solet:
1303 2657 1468 2706 synodus
1496 2662 1624 2694 autem
1655 2656 1754 2694 indi-

161 2714 258 2751 citur
282 2716 409 2754 edicto'
428 2719 535 2768 regio
560 2733 606 2757 eo
631 2726 801 2770 tempore
824 2734 899 2770 quo
925 2720 1084 2758 habetur
1108 2721 1225 2759 totius
1251 2721 1361 2770 regni
1386 2721 1687 2772 parliamentum,
1711 2725 1755 2757 ut

161 2784 326 2816 vocatur.
380 2780 528 2818 Adsunt
552 2783 733 2834 episcopi,
757 2785 894 2822 adsunt
918 2785 1033 2821 etiam
1051 2785 1170 2822 totius
1188 2784 1395 2835 provinciae
1420 2790 1614 2834 pastorum
1633 2784 1753 2821 docti-

161 2853 243 2878 ores
264 2842 406 2893 quiqui,
431 2845 493 2895 qui
520 2846 631 2896 triplo
656 2848 779 2897 plures
806 2854 893 2885 sunt
917 2861 1029 2898 quam
1056 2848 1236 2899 episcopi.
1293 2847 1362 2886 Hii
1386 2860 1555 2885 seorsum
1578 2848 1625 2884 ab
1655 2847 1752 2896 epis-

159 2906 265 2956 copis
283 2906 328 2944 de
342 2908 451 2946 rebus
471 2909 733 2949 ecclesiasticis
753 2911 972 2957 deliberant,
992 2918 1031 2949 et
1047 2912 1142 2950 nihil
1159 2912 1198 2952 in
1217 2912 1364 2962 synodo
1384 2911 1561 2950 statuitur
1577 2916 1643 2949 aut
1661 2911 1753 2949 defi-
