1845 3233
143 148 226 189 154
406 158 593 186 Enwmus
618 156 775 186 smnus
808 156 861 183 An
895 153 1104 183 Hammeum
1135 152 1433 182 BULLINGERUM.
1560 137 1705 194 [misr.-

139 277 318 314 tationem
353 275 501 326 penitus
533 272 761 323 abjecissem.
834 270 921 307 Huc
957 270 1070 307 etiam
1103 269 1246 307 accedit
1280 268 1500 320 quotidiana
1530 269 1702 320 quaedam

140 340 375 391 negotiorum
406 338 537 383 moles,
570 349 657 388 quae
684 335 774 373 mihi
802 334 920 372 indies
948 334 1052 372 locus
1081 333 1143 371 ille
1173 332 1334 378 facessit,
1364 333 1404 372 in
1431 345 1504 384 quo
1531 333 1610 383 jam
1636 346 1703 384 po-

141 406 232 442 situs
255 417 359 447 sum;
389 402 519 453 quibus
541 401 595 438 ita
618 399 888 451 propemodum
915 398 1113 449 opprimor,
1139 402 1180 435 ut
1202 397 1304 434 nulla
1323 397 1414 436 mihi
1436 397 1703 449 opportunitas,

139 470 198 507 vel
226 469 272 505 ad
295 481 356 505 me
383 467 504 517 ipsum
527 464 780 510 relaxandum,
807 463 864 502 vel
888 462 935 500 ad
958 462 1053 499 alios
1076 460 1310 500 scribendum
1332 462 1567 499 concedatur.
1610 461 1702 498 Pos-

140 539 270 578 tremo,
297 531 442 568 etiamsi
470 529 647 579 temporis
675 534 713 565 et
740 528 808 565 otii
835 527 924 565 satis
951 527 1108 571 daretur,
1142 524 1225 563 haec
1252 530 1380 563 tamen
1404 525 1514 576 hujus
1542 531 1702 577 tempes-

138 597 225 635 tatis
248 597 344 635 ratio
366 601 434 641 est,
463 600 505 632 ut
529 593 622 631 nihil
649 607 672 630 a
695 592 805 630 nobis
826 591 1026 629 transmitti
1050 590 1097 628 ad
1121 602 1188 628 vos
1213 590 1361 641 poterit,
1389 591 1596 641 praesertim
1618 603 1702 628 cum

139 661 264 699 omnia
286 665 384 697 terra
406 658 572 709 marique
596 657 649 694 ita
666 655 864 694 interclusa
882 655 968 700 sint,
987 660 1030 691 ut
1052 654 1177 691 literas
1195 653 1342 691 mittere
1365 666 1443 691 non
1465 654 1513 691 sit
1539 659 1674 692 tutum.

217 724 361 762 Literas
388 735 474 760 vero
505 727 588 759 tuas
619 720 788 771 proxime
820 719 975 770 scriptas
1007 717 1132 768 accepi
1164 717 1295 754 ultimo
1328 717 1538 763 Decembri,
1571 718 1703 769 quibus

137 789 321 841 perlectis,
348 792 389 824 ut
412 792 489 824 tuae
510 784 683 837 petitioni
709 783 972 827 satisfacerem,
995 787 1136 833 quanta
1156 787 1324 832 poteram
1343 795 1429 819 cura
1452 781 1700 833 providebam.

139 853 251 899 Quod
274 858 451 903 nepotem
472 850 577 888 illum
600 855 706 887 tuum
729 854 768 886 et
794 853 934 886 ceteros
958 846 1041 884 illos
1068 851 1209 885 vestros
1231 846 1408 897 episcopo
1433 844 1702 884 Nordovicensi

136 917 473 962 commendaveras,
499 914 663 953 incidisti
687 913 727 950 in
753 925 835 950 eum
853 911 983 957 virum,
1010 910 1070 949 cui
1093 910 1266 949 voluntas
1293 909 1449 948 fortasse
1473 922 1617 948 summa
1634 909 1703 947 tibi

137 982 369 1033 gratificandi
398 981 480 1026 fuit,
517 979 674 1017 facultas
705 983 801 1014 certe
833 990 880 1014 ne
915 975 1072 1014 minima
1107 975 1255 1026 quidem
1287 973 1414 1011 adfuit.
1483 974 1581 1012 Nam
1615 974 1703 1011 dum

135 1059 251 1097 nuper
278 1059 426 1084 suarum
449 1057 569 1083 rerum
594 1042 892 1094 procurationem
922 1040 1071 1091 perfidis
1099 1039 1311 1077 hominibus
1339 1038 1451 1076 nimis
1471 1039 1704 1077 confidenter

136 1111 323 1162 imposuit,
352 1123 479 1148 eorum
508 1121 620 1160 opera
636 1107 841 1158 perfectum
866 1110 934 1151 est,
959 1110 1001 1142 ut
1020 1104 1149 1155 grandi
1170 1117 1246 1142 aere
1268 1103 1389 1141 alieno
1411 1104 1701 1155 opprimeretur:

134 1176 188 1213 ita
219 1176 272 1221 fit,
302 1180 344 1212 ut
370 1187 438 1212 nec
472 1186 511 1211 se
539 1186 586 1210 ex
618 1172 699 1210 istis
731 1170 889 1209 miseriis
923 1169 1110 1220 expediat,
1140 1169 1276 1206 nedum
1309 1167 1391 1205 aliis
1423 1167 1586 1205 subsidio
1622 1180 1704 1204 esse

134 1241 263 1292 possit.
319 1239 404 1290 Ego
427 1251 528 1283 vero,
553 1236 686 1288 partim
710 1241 788 1273 tuae
815 1233 1087 1272 benevolentiae
1112 1232 1369 1272 recordatione
1394 1237 1595 1283 permotus,
1622 1244 1703 1282 par-

133 1305 201 1342 tim
234 1305 331 1355 quod
366 1309 403 1340 et
438 1303 520 1340 Deo
557 1306 595 1338 et
626 1300 693 1338 tibi
728 1298 908 1350 imprimis
942 1303 1087 1349 gratum
1124 1310 1184 1335 me
1215 1297 1398 1334 facturum
1434 1296 1701 1347 intelligebam,

133 1370 216 1407 illos
245 1368 337 1406 mihi
371 1366 515 1417 suscepi
546 1365 785 1415 adjuvandos.
851 1363 981 1414 Itaque
1014 1363 1095 1400 illos
1129 1362 1176 1399 ad
1208 1361 1437 1399 academiam
1469 1359 1703 1410 Cantabrigi-

134 1447 262 1472 ensem
299 1432 465 1471 celeriter
507 1429 630 1468 curavi
662 1428 911 1479 ablegandos;
953 1432 990 1464 et
1028 1431 1069 1463 ut
1107 1425 1251 1463 facilior
1288 1426 1347 1462 via
1382 1429 1491 1469 esset,
1533 1437 1616 1462 cum
1658 1423 1704 1460 ad

133 1503 311 1543 nostram,
358 1502 438 1534 tum
476 1495 523 1532 ad
560 1493 651 1531 alias
685 1492 830 1543 linguas
875 1490 1147 1542 perdiscendas,
1193 1489 1231 1527 in
1268 1489 1420 1527 diversis
1466 1488 1703 1526 collocandos

133 1562 301 1613 collegiis
332 1559 469 1605 censui,
500 1571 548 1595 ne
580 1557 727 1595 assidua
761 1556 905 1594 illorum
939 1555 1053 1593 coitio
1087 1554 1228 1591 alienas
1256 1554 1403 1604 linguas
1431 1552 1597 1590 discendi
1627 1556 1701 1588 stu-

132 1627 233 1664 dium
260 1626 472 1664 retardaret.
527 1621 693 1660 Tametsi
720 1633 807 1658 vero
836 1633 907 1671 ego
935 1619 1014 1671 ipse
1039 1631 1204 1656 mearum
1234 1619 1417 1656 rationum
1448 1623 1486 1654 et
1512 1621 1701 1654 sumtuum

134 1690 351 1728 difficultate
375 1700 602 1739 magnopere
626 1686 830 1737 perturbor,
856 1684 1000 1721 illorum
1019 1689 1145 1720 tamen
1173 1682 1329 1733 singulis
1348 1681 1482 1732 viginti
1507 1686 1703 1719 coronatos

135 1756 179 1792 de
214 1768 298 1792 meo
334 1752 530 1804 impertivi,
563 1756 604 1787 ut
639 1749 785 1787 vivendi
819 1748 989 1786 molestia
1021 1747 1060 1784 in
1099 1746 1305 1797 peregrinis
1340 1746 1432 1783 locis
1465 1745 1701 1783 minueretur.

136 1819 281 1856 Ceteris
315 1818 355 1855 in
384 1818 492 1854 rebus
526 1814 706 1858 omnibus,
739 1817 918 1864 quantum
949 1823 1046 1849 meae
1073 1810 1187 1862 ipsius
1217 1810 1382 1847 rationes
1413 1809 1613 1861 patientur,
1644 1821 1704 1846 me

133 1897 207 1922 non
239 1883 447 1920 defuturum
479 1880 550 1918 illis
579 1878 766 1930 polliceor,
798 1884 840 1914 ut
871 1876 1018 1914 liberius
1046 1875 1191 1926 possint
1218 1874 1257 1911 in
1286 1873 1344 1911 liis
1374 1874 1449 1911 suis
1479 1873 1609 1911 studiis
1639 1886 1702 1910 ex-

134 1960 288 1993 currere,
307 1959 391 1997 quae
414 1944 612 1996 aliquando
635 1941 776 1980 Christi
800 1941 968 1979 ecclesiae
992 1945 1077 1977 sunt
1101 1938 1302 1990 profutura.
1351 1939 1575 1976 Praeclarum
1603 1937 1701 1975 enim

133 2025 211 2049 esse
244 2024 387 2061 semper
417 2009 517 2055 duxi,
550 2006 770 2045 beneficium
802 2018 934 2050 serere,
971 2004 1069 2055 quod
1101 2016 1168 2040 suo
1202 2007 1332 2053 postea
1364 2009 1530 2054 tempore
1563 2002 1703 2040 Christi

133 2089 220 2114 oves
249 2081 389 2113 metere
416 2078 579 2125 possunt.
636 2072 738 2109 Meae
771 2083 859 2120 erga
886 2069 969 2106 illos
1003 2068 1073 2105 etsi
1099 2080 1175 2105 non
1209 2080 1365 2105 summae
1396 2067 1639 2112 liberalitatis,
1665 2072 1703 2103 at

134 2146 246 2178 rectae
275 2146 402 2177 tamen
428 2137 627 2175 voluntatis
657 2141 695 2172 et
721 2134 857 2172 amoris
883 2138 1012 2179 testes,
1040 2133 1204 2183 ipsorum
1236 2132 1360 2170 literas
1385 2132 1431 2169 ad
1457 2137 1494 2170 te
1524 2131 1632 2176 misi3
1661 2137 1701 2168 ut

135 2219 206 2256 ego
239 2205 325 2255 quid
356 2202 519 2247 fecerim,
548 2200 692 2251 plenius
725 2213 771 2237 ex
802 2199 966 2250 ipsorum
1001 2210 1112 2248 quam
1147 2210 1193 2234 ex
1226 2197 1318 2234 meis
1354 2196 1469 2234 literis
1500 2196 1698 2246 intelligas,

134 2270 268 2308 Amico
300 2281 384 2305 mco
418 2272 455 2304 et
482 2265 583 2303 fratri
617 2264 656 2302 in
695 2263 845 2301 Christo
878 2262 1080 2307 carissimo,
1119 2261 1166 2298 D.
1196 2260 1397 2311 Rodolpho
1435 2261 1624 2304 Gualtero,
1662 2265 1702 2296 ut

135 2334 289 2371 salutem
325 2346 371 2369 ex
403 2345 463 2368 me
495 2330 597 2367 dicas
628 2328 835 2379 plurimam,
865 2333 902 2364 te
933 2327 1047 2364 etiam
1077 2331 1188 2376 atque
1222 2325 1333 2362 etiam
1361 2338 1467 2375 rogo.
1523 2325 1569 2362 D.
1592 2324 1702 2362 Jesus

137 2397 305 2436 Christus
332 2402 369 2434 te
398 2401 435 2432 et
461 2401 545 2432 tuos
573 2394 727 2438 labores,
755 2404 849 2443 quos
876 2391 914 2428 in
943 2390 1085 2428 Christi
1113 2389 1305 2439 evangelio
1333 2389 1595 2440 amplificando
1624 2401 1700 2426 sus-

135 2462 244 2507 tines,
271 2459 507 2512 promoveat!

216 2527 303 2564 Dat.
334 2523 495 2563 Londini
522 2522 561 2560 in
588 2521 740 2573 Anglia,
772 2522 817 2556 17
838 2519 943 2557 Febr.
966 2521 1079 2556 1572.

705 2585 809 2623 Tuus
834 2585 874 2622 in
902 2583 1054 2622 Christo
1081 2583 1194 2622 frater
1220 2582 1440 2628 carissimus,

1081 2659 1338 2698 EDWINUS
1376 2656 1599 2702 SANDUS,

1288 2734 1459 2773 London.
1489 2732 1693 2785 episcopus.

418 2816 679 2843 JNSCRIPTIO.

221 2863 436 2901 Venerando
450 2863 558 2909 patri
576 2864 608 2896 et
624 2858 749 2908 fratri
766 2860 808 2896 in
828 2858 977 2894 Christo

266 2927 473 2966 carissimo,
493 2925 542 2961 D.
555 2925 723 2961 Henrz'co
742 2923 978 2971 Bullingew,

273 2991 466 3040 Tigurince
486 2989 641 3024 ecclesiae
659 2989 701 3026 in
719 2986 900 3025 Helvetia
918 2988 987 3024 mi-

267 3057 387 3095 uistro
404 3053 637 3102 dignissimo.
