1845 3233
149 135 233 180 176
433 150 626 177 RICARDUS
658 150 780 176 COXUS
813 149 866 175 AD
900 150 1146 177 RODOLPHUM
1181 145 1441 178 GUALTERUM.
1580 132 1722 193 [EPIST.

224 264 281 301 Ex
312 263 432 299 insula
460 263 601 301 Eliensi
629 264 666 300 in
694 263 850 313 Anglia,
877 264 987 301 tertio
1019 263 1226 309 Februarii,
1259 266 1372 310 1573,
1398 264 1507 315 juxta
1533 268 1723 313 computa-

145 329 282 366 tionem
311 326 523 377 Anglicam.

769 390 840 428 Tui
869 390 906 427 in
937 390 1090 428 Christo
1118 391 1409 438 amantissimus,

1082 470 1360 509 RICARDUS
1399 471 1590 517 COXUS‚

892 550 1062 588 ecclesiae
1094 550 1255 588 Eliensis
1283 556 1411 601 pastor
1438 557 1476 589 et
1503 565 1643 597 servus,

1252 615 1467 653 Rmmznus
1498 616 1720 655 ELOENSIS.

423 692 689 718 INSCRIPTIO.

219 746 354 783 Amico
386 759 466 783 meo
497 748 695 784 carissimo
723 751 758 783 et
790 747 893 783 verbi
920 747 991 782 Dei

268 813 444 849 ministro
452 812 695 861 fidelissimo,
716 810 771 848 D.
791 811 992 860 Rodolplzo

271 877 465 921 Gualtero,
503 876 704 924 Tigurino.

672 1204 972 1247 EPISTOLA
1010 1204 1180 1247 CXVI.

213 1399 471 1432 JOHANNES
499 1400 852 1432 PARKHURSTUS
880 1402 949 1432 AD
980 1401 1241 1433 IIENRICUM
1266 1399 1640 1433 BULLINGERUM.

214 1494 367 1538 SALvE,
394 1495 613 1532 suavissime
642 1496 691 1533 D.
722 1496 952 1547 Bullingere.
1008 1496 1152 1534 Literas
1182 1502 1264 1534 tuas
1288 1496 1447 1545 scriptas
1473 1498 1523 1533 -26
1554 1494 1717 1545 Augusti

135 1558 263 1609 accepi
288 1560 335 1595 ‘21
372 1558 607 1604 Novembris,
640 1573 714 1610 quo
744 1561 895 1611 quidem
930 1569 1097 1611 tempore
1128 1574 1225 1598 nova
1251 1566 1289 1598 et
1319 1572 1446 1598 severa
1478 1560 1600 1597 edicta
1625 1560 1717 1610 pub-

134 1623 244 1660 licata
286 1628 372 1659 sunt
413 1629 542 1660 contra
584 1637 663 1670 eos,
706 1625 770 1674 qui
810 1625 868 1661 vel
906 1631 1054 1662 nostras
1094 1624 1324 1662 ceremonias
1361 1629 1619 1668 contemnunt,
1658 1625 1717 1660 vel

135 1687 330 1724 observare
349 1686 492 1724 nolunt.
549 1687 652 1725 Deus
671 1688 767 1725 bene
785 1693 918 1733 vertat,
940 1694 978 1725 et
996 1688 1166 1726 omnium
1187 1687 1327 1725 Christi
1346 1688 1587 1725 ecclesiarum
1605 1687 1716 1724 mise-

132 1751 277 1789 reatur!
327 1750 437 1788 Faxit
470 1752 571 1788 Deus
602 1765 649 1788 ne
680 1752 796 1789 lateat
824 1752 958 1802 anguis
988 1753 1027 1789 in
1057 1752 1195 1790 herba!
1254 1752 1403 1790 Gratias
1438 1765 1512 1802 ago
1541 1752 1717 1802 ingentes

134 1827 202 1865 pro
227 1814 321 1851 libro
348 1820 415 1852 tuo
447 1815 677 1859 doctissimo,
708 1816 846 1867 scripto
870 1816 916 1853 de
945 1817 1268 1867 persecutionibus
1297 1816 1479 1860 ecclesia-2,
1504 1830 1527 1853 a
1553 1815 1715 1853 Simlern

133 1883 264 1915 nostro
284 1878 419 1915 Latine
439 1879 595 1923 reddito,
617 1892 725 1929 quem
750 1893 827 1917 non
852 1879 905 1917 ita
920 1879 1063 1930 pridem
1082 1881 1220 1931 accepi.
1265 1879 1508 1918 Germanicus
1527 1893 1713 1931 nunquam

133 1942 180 1980 ad
209 1955 314 1979 meas
342 1942 511 1993 pervenit
535 1956 679 1980 manus.

212 2006 351 2044 Scribis
375 2011 414 2043 te
443 2007 770 2057 septuagenarium
800 2021 904 2045 esse:
935 2008 1078 2045 utinam
1108 2008 1260 2046 tandem
1291 2009 1360 2046 fias
1392 2008 1628 2047 centenarius
1656 2010 1714 2046 vel

130 2071 249 2122 ipsius
272 2070 438 2107 ecclesiae
467 2072 619 2108 caussa!
669 2071 754 2122 Ego
784 2078 884 2110 certe
910 2086 1049 2110 annum
1080 2072 1358 2124 sexagesimum
1382 2072 1546 2117 tertium,
1575 2084 1713 2110 annum

133 2136 276 2174 scilicet
304 2134 395 2171 mihi
421 2134 721 2181 climactericum,
745 2136 819 2174 fere
842 2137 997 2175 absolvi.
1053 2137 1162 2176 Uxor
1185 2150 1270 2175 mea
1293 2142 1350 2174 est
1370 2136 1492 2188 puella
1520 2137 1716 2187 sexaginta.

131 2204 274 2250 septem
300 2212 479 2236 annorum
513 2206 551 2237 et
579 2200 687 2245 ultra,
721 2206 763 2238 ut
791 2202 873 2252 ipsa
900 2201 1023 2239 refert.
1081 2201 1193 2247 Quod
1222 2201 1350 2239 omnia
1377 2200 1532 2252 pacifica
1563 2207 1649 2238 sunt
1677 2201 1714 2238 in

135 2263 325 2308 Helvetia,
359 2263 518 2313 gaudeo.
575 2264 687 2309 Quod
717 2278 800 2302 cum
835 2265 1015 2303 militibus
1052 2265 1290 2304 mercenariis
1323 2271 1399 2303 tam
1435 2264 1634 2303 infeliciter
1667 2265 1714 2302 sit

132 2333 270 2372 actum,
296 2339 374 2364 non
403 2327 524 2364 doleo.
575 2328 676 2366 Ante
704 2328 841 2366 festum
869 2328 1140 2368 Bartholomaei
1173 2343 1250 2367 non
1280 2335 1405 2380 coepta
1433 2335 1490 2366 est
1518 2329 1616 2380 apud
1642 2342 1712 2367 nos

131 2392 171 2430 in
205 2390 399 2429 Norfolcia
431 2392 586 2436 messis;
635 2406 719 2444 quae
749 2393 854 2431 valde
890 2394 961 2431 fuit
991 2393 1145 2431 humida
1174 2399 1213 2431 et
1247 2393 1438 2444 pluviosa:
1486 2393 1548 2431 vix
1574 2393 1646 2431 fuit
1673 2393 1712 2430 in

129 2460 212 2493 tota
234 2468 353 2492 messe
386 2468 514 2492 serena
541 2456 634 2502 dies,
657 2457 711 2494 ita
739 2463 780 2495 ut
803 2471 880 2496 non
906 2471 1019 2508 parva
1042 2471 1127 2509 pars
1152 2458 1301 2508 frugum
1324 2457 1434 2495 nobis
1460 2457 1633 2508 perierit,·
1673 2464 1712 2495 at

131 2519 316 2556 indefessa
346 2521 597 2570 operariorum
627 2521 823 2572 diligentia
854 2536 938 2572 pars
966 2522 1132 2560 maxima
1159 2528 1303 2560 servata
1335 2528 1403 2560 est.
1467 2521 1556 2560 Non
1589 2522 1708 2559 solum

127 2582 316 2629 frumenti,
345 2584 411 2621 sed
439 2585 607 2622 omnium
635 2599 771 2631 rerum,
803 2586 936 2623 caritas
959 2587 1056 2637 apud
1080 2599 1150 2624 nos
1175 2592 1232 2624 est
1258 2586 1434 2624 maxima.
1492 2585 1602 2624 Unde
1637 2585 1709 2623 ista

129 2647 276 2691 caritas,
308 2648 470 2697 quaeris?
526 2649 627 2695 Quia
663 2649 831 2700 frigescit
864 2649 960 2701 apud
998 2663 1070 2687 nos
1101 2650 1248 2689 caritas.
1304 2649 1405 2688 Ante
1435 2649 1572 2688 festum
1609 2650 1708 2700 puri—

129 2709 313 2747 ficationis
344 2712 464 2749 nullas
497 2712 558 2750 hic
593 2713 753 2751 vidimus
784 2714 902 2759 nives,
935 2713 1076 2752 nullum
1109 2727 1206 2765 pene
1238 2714 1422 2752 sensimus
1452 2714 1562 2766 gelu:
1607 2727 1706 2751 nunc

128 2772 294 2823 utrisque
323 2775 566 2814 abundamus.

206 2835 361 2882 Salutes,
390 2852 529 2889 quaeso,
558 2853 644 2878 meo
672 2840 826 2878 nomine
857 2854 988 2879 omnes
1019 2843 1160 2881 amicos
1186 2856 1304 2888 meos,
1336 2848 1374 2880 et
1405 2842 1525 2893 ipsum
1551 2842 1704 2887 Julium,

126 2899 224 2937 inter
249 2902 388 2940 amicos
417 2916 493 2942 non
527 2911 767 2955 postremum.
825 2907 928 2944 Male
964 2907 1014 2944 sit
1042 2907 1337 2959 Thimelthorpo,
1368 2906 1557 2946 collectori
1592 2908 1704 2958 longe

124 2963 291 3001 omnium
319 2966 492 3016 pessimo,
521 2968 584 3019 qui
607 2982 667 3006 me
695 2969 836 3020 aliquid
860 2982 928 3020 pro
950 2970 1080 3009 amicis
1107 2972 1285 3023 colligere
1313 2984 1390 3010 non
1422 2971 1571 3022 patitur.
1629 2971 1703 3009 Sed
